@article{Nair2010,
    title = {{A comparison of self-selected walking speeds and walking speed variability when data are collected during repeated discrete trials and during continuous walking}},
    year = {2017},
    journal = {Journal of Applied Biomechanics},
    author = {Brown, Marcus J. and Hutchinson, Laura A. and Rainbow, Michael J. and Deluzio, Kevin J. and De Asha, Alan R.},
    number = {5},
    pages = {384--387},
    volume = {33},
    url = {https://www.semanticscholar.org/paper/Rectified-Linear-Units-Improve-Restricted-Boltzmann-Nair-Hinton/a538b05ebb01a40323997629e171c91aa28b8e2f},
    doi = {10.1123/jab.2016-0355},
    issn = {15432688},
    keywords = {Gait, Methodology, Walking speed}
}

@article{Kingma2014,
    title = {{Adam: A method for stochastic optimization}},
    year = {2015},
    journal = {3rd International Conference on Learning Representations, ICLR 2015 - Conference Track Proceedings},
    author = {Kingma, Diederik P. and Ba, Jimmy Lei},
    month = {12},
    url = {http://arxiv.org/abs/1412.6980},
    arxivId = {1412.6980}
}

@article{Aasi2015,
    title = {{Advanced LIGO}},
    year = {2015},
    journal = {Classical and Quantum Gravity},
    author = {Aasi, J. and Abbott, B. P. and Abbott, R. and Abbott, T. and Abernathy, M. R. and Ackley, K. and Adams, C. and Adams, T. and Addesso, P. and Adhikari, R. X. and Adya, V. and Affeldt, C. and Aggarwal, N. and Aguiar, O. D. and Ain, A. and Ajith, P. and Alemic, A. and Allen, B. and Amariutei, D. and Anderson, S. B. and Anderson, W. G. and Arai, K. and Araya, M. C. and Arceneaux, C. and Areeda, J. S. and Ashton, G. and Ast, S. and Aston, S. M. and Aufmuth, P. and Aulbert, C. and Aylott, B. E. and Babak, S. and Baker, P. T. and Ballmer, S. W. and Barayoga, J. C. and Barbet, M. and Barclay, S. and Barish, B. C. and Barker, D. and Barr, B. and Barsotti, L. and Bartlett, J. and Barton, M. A. and Bartos, I. and Bassiri, R. and Batch, J. C. and Baune, C. and Behnke, B. and Bell, A. S. and Bell, C. and Benacquista, M. and Bergman, J. and Bergmann, G. and Berry, C. P.L. and Betzwieser, J. and Bhagwat, S. and Bhandare, R. and Bilenko, I. A. and Billingsley, G. and Birch, J. and Biscans, S. and Biwer, C. and Blackburn, J. K. and Blackburn, L. and Blair, C. D. and Blair, D. and Bock, O. and Bodiya, T. P. and Bojtos, P. and Bond, C. and Bork, R. and Born, M. and Bose, Sukanta and Brady, P. R. and Braginsky, V. B. and Brau, J. E. and Bridges, D. O. and Brinkmann, M. and Brooks, A. F. and Brown, D. D. A. and Brown, D. D. A. and Brown, N. M. and Buchman, S. and Buikema, A. and Buonanno, A. and Cadonati, L. and Calder{\'{o}}n Bustillo, J. and Camp, J. B. and Cannon, K. C. and Cao, J. and Capano, C. D. and Caride, S. and Caudill, S. and Cavagli{\`{a}}, M. and Cepeda, C. and Chakraborty, R. and Chalermsongsak, T. and Chamberlin, S. J. and Chao, S. and Charlton, P. and Chen, Y. and Cho, H. S. and Cho, M. and Chow, J. H. and Christensen, N. and Chu, Q. and Chung, S. and Ciani, G. and Clara, F. and Clark, J. A. and Collette, C. and Cominsky, L. and Constancio, M. and Cook, D. and Corbitt, T. R. and Cornish, N. and Corsi, A. and Costa, C. A. and Coughlin, M. W. and Countryman, S. and Couvares, P. and Coward, D. M. and Cowart, M. J. and Coyne, D. C. and Coyne, R. and Craig, K. and Creighton, J. D.E. and Creighton, T. D. and Cripe, J. and Crowder, S. G. and Cumming, A. and Cunningham, L. and Cutler, C. and Dahl, K. and Dal Canton, T. and Damjanic, M. and Danilishin, S. L. and Danzmann, K. and Dartez, L. and Dave, I. and Daveloza, H. and Davies, G. S. and Daw, E. J. and DeBra, D. and Del Pozzo, W. and Denker, T. and Dent, T. and Dergachev, V. and DeRosa, R. T. and DeSalvo, R. and Dhurandhar, S. and Diaz, M. and Di Palma, I. and Dojcinoski, G. and Dominguez, E. and Donovan, F. and Dooley, K. L. and Doravari, S. and Douglas, R. and Downes, T. P. and Driggers, J. C. and Du, Z. and Dwyer, S. and Eberle, T. and Edo, T. and Edwards, M. and Edwards, M. and Effler, A. and Eggenstein, H. B. and Ehrens, P. and Eichholz, J. and Eikenberry, S. S. and Essick, R. and Etzel, T. and Evans, M. and Evans, T. and Factourovich, M. and Fairhurst, S. and Fan, X. and Fang, Q. and Farr, B. and Farr, W. M. and Favata, M. and Fays, M. and Fehrmann, H. and Fejer, M. M. and Feldbaum, D. and Ferreira, E. C. and Fisher, R. P. and Frei, Z. and Freise, A. and Frey, R. and Fricke, T. T. and Fritschel, P. and Frolov, V. V. and Fuentes-Tapia, S. and Fulda, P. and Fyffe, M. and Gair, J. R. and Gaonkar, S. and Gehrels, N. and Gergely, L. and Giaime, J. A. and Giardina, K. D. and Gleason, J. and Goetz, E. and Goetz, R. and Gondan, L. and Gonz{\'{a}}lez, G. and Gordon, N. and Gorodetsky, M. L. and Gossan, S. and Go{\ss}ler, S. and Gr{\"{a}}f, C. and Graff, P. B. and Grant, A. and Gras, S. and Gray, C. and Greenhalgh, R. J.S. and Gretarsson, A. M. and Grote, H. and Grunewald, S. and Guido, C. J. and Guo, X. and Gushwa, K. and Gustafson, E. K. and Gustafson, R. and Hacker, J. and Hall, E. D. and Hammond, G. and Hanke, M. and Hanks, J. and Hanna, C. and Hannam, M. D. and Hanson, J. and Hardwick, T. and Harry, G. M. and Harry, I. W. and Hart, M. and Hartman, M. T. and Haster, C. J. and Haughian, K. and Hee, S. and Heintze, M. and Heinzel, G. and Hendry, M. and Heng, I. S. and Heptonstall, A. W. and Heurs, M. and Hewitson, M. and Hild, S. and Hoak, D. and Hodge, K. A. and Hollitt, S. E. and Holt, K. and Hopkins, P. and Hosken, D. J. and Hough, J. and Houston, E. and Howell, E. J. and Hu, Y. M. and Huerta, E. and Hughey, B. and Husa, S. and Huttner, S. H. and Huynh, M. and Huynh-Dinh, T. and Idrisy, A. and Indik, N. and Ingram, D. R. and Inta, R. and Islas, G. and Isler, J. C. and Isogai, T. and Iyer, B. R. and Izumi, K. and Jacobson, M. and Jang, H. and Jawahar, S. and Ji, Y. and Jim{\'{e}}nez-Forteza, F. and Johnson, W. W. and Jones, D. I. and Jones, R. and Ju, L. and Haris, K. and Kalogera, V. and Kandhasamy, S. and Kang, G. and Kanner, J. B. and Katsavounidis, E. and Katzman, W. and Kaufer, H. and Kaufer, S. and Kaur, T. and Kawabe, K. and Kawazoe, F. and Keiser, G. M. and Keitel, D. and Kelley, D. B. and Kells, W. and Keppel, D. G. and Key, J. S. and Khalaidovski, A. and Khalili, F. Y. and Khazanov, E. A. and Kim, C. and Kim, K. and Kim, N. G. and Kim, N. G. and Kim, Y. M. and King, E. J. and King, P. J. and Kinzel, D. L. and Kissel, J. S. and Klimenko, S. and Kline, J. and Koehlenbeck, S. and Kokeyama, K. and Kondrashov, V. and Korobko, M. and Korth, W. Z. and Kozak, D. B. and Kringel, V. and Krishnan, B. and Krueger, C. and Kuehn, G. and Kumar, A. and Kumar, P. and Kuo, L. and Landry, M. and Lantz, B. and Larson, S. and Lasky, P. D. and Lazzarini, A. and Lazzaro, C. and Le, J. and Leaci, P. and Leavey, S. and Lebigot, E. O. and Lee, C. H. and Lee, H. K. M. and Lee, H. K. M. and Leong, J. R. and Levin, Y. and Levine, B. and Lewis, J. and Li, T. G.F. and Libbrecht, K. and Libson, A. and Lin, A. C. and Littenberg, T. B. and Lockerbie, N. A. and Lockett, V. and Logue, J. and Lombardi, A. L. and Lormand, M. and Lough, J. and Lubinski, M. J. and L{\"{u}}ck, H. and Lundgren, A. P. and Lynch, R. and Ma, Y. and MacArthur, J. and MacDonald, T. and MacHenschalk, B. and MacInnis, M. and MacLeod, D. M. and Maga{\~{n}}a-Sandoval, F. and Magee, R. and Mageswaran, M. and Maglione, C. and Mailand, K. and Mandel, I. and Mandic, V. and Mangano, V. and Mansell, G. L. and M{\'{a}}rka, S. and M{\'{a}}rka, Z. and Markosyan, A. and Maros, E. and Martin, I. W. and Martin, R. M. and Martynov, D. and Marx, J. N. and Mason, K. and Massinger, T. J. and Matichard, F. and Matone, L. and Mavalvala, N. and Mazumder, N. and Mazzolo, G. and McCarthy, R. and McClelland, D. E. and McCormick, S. and McGuire, S. C. and McIntyre, G. and McIver, J. and McLin, K. and McWilliams, S. and Meadors, G. D. and Meinders, M. and Melatos, A. and Mendell, G. and Mercer, R. A. and Meshkov, S. and Messenger, C. and Meyers, P. M. and Miao, H. and Middleton, H. and Mikhailov, E. E. and Miller, A. and Miller, J. and Millhouse, M. and Ming, J. and Mirshekari, S. and Mishra, C. and Mitra, S. and Mitrofanov, V. P. and Mitselmakher, G. and Mittleman, R. and Moe, B. and Mohanty, S. D. and Mohapatra, S. R.P. and Moore, B. and Moraru, D. and Moreno, G. and Morriss, S. R. and Mossavi, K. and Mow-Lowry, C. M. and Mueller, C. L. and Mueller, G. and Mukherjee, S. and Mullavey, A. and Munch, J. and Murphy, D. and Murray, P. G. and Mytidis, A. and Nash, T. and Nayak, R. K. and Necula, V. and Nedkova, K. and Newton, G. and Nguyen, T. and Nielsen, A. B. and Nissanke, S. and Nitz, A. H. and Nolting, D. and Normandin, M. E.N. and Nuttall, L. K. and Ochsner, E. and O'Dell, J. and Oelker, E. and Ogin, G. H. and Oh, J. J. and Oh, S. H. and Ohme, F. and Oppermann, P. and Oram, R. and O'Reilly, B. and Ortega, W. and O'Shaughnessy, R. and Osthelder, C. and Ott, C. D. and Ottaway, D. J. and Ottens, R. S. and Overmier, H. and Owen, B. J. and Padilla, C. and Pai, A. and Pai, S. and Palashov, O. and Pal-Singh, A. and Pan, H. and Pankow, C. and Pannarale, F. and Pant, B. C. and Papa, M. A. and Paris, H. and Patrick, Z. and Pedraza, M. and Pekowsky, L. and Pele, A. and Penn, S. and Perreca, A. and Phelps, M. and Pierro, V. and Pinto, I. M. and Pitkin, M. and Poeld, J. and Post, A. and Poteomkin, A. and Powell, J. and Prasad, J. and Predoi, V. and Premachandra, S. and Prestegard, T. and Price, L. R. and Principe, M. and Privitera, S. and Prix, R. and Prokhorov, L. and Puncken, O. and P{\"{u}}rrer, M. and Qin, J. and Quetschke, V. and Quintero, E. and Quiroga, G. and Quitzow-James, R. and Raab, F. J. and Rabeling, D. S. and Radkins, H. and Raffai, P. and Raja, S. and Rajalakshmi, G. and Rakhmanov, M. and Ramirez, K. and Raymond, V. and Reed, C. M. and Reid, S. and Reitze, D. H. and Reula, O. and Riles, K. and Robertson, N. A. and Robie, R. and Rollins, J. G. and Roma, V. and Romano, J. D. and Romanov, G. and Romie, J. H. and Rowan, S. and R{\"{u}}diger, A. and Ryan, K. and Sachdev, S. and Sadecki, T. and Sadeghian, L. and Saleem, M. and Salemi, F. and Sammut, L. and Sandberg, V. and Sanders, J. R. and Sannibale, V. and Santiago-Prieto, I. and Sathyaprakash, B. S. and Saulson, P. R. and Savage, R. and Sawadsky, A. and Scheuer, J. and Schilling, R. and Schmidt, P. and Schnabel, R. and Schofield, R. M.S. and Schreiber, E. and Schuette, D. and Schutz, B. F. and Scott, J. and Scott, S. M. and Sellers, D. and Sengupta, A. S. and Sergeev, A. and Serna, G. and Sevigny, A. and Shaddock, D. A. and Shahriar, M. S. and Shaltev, M. and Shao, Z. and Shapiro, B. and Shawhan, P. and Shoemaker, D. H. and Sidery, T. L. and Siemens, X. and Sigg, D. and Silva, A. D. and Simakov, D. and Singer, A. and Singer, L. and Singh, R. and Sintes, A. M. and Slagmolen, B. J.J. and Smith, J. R. and Smith, M. R. and Smith, R. J.E. and Smith-Lefebvre, N. D. and Son, E. J. and Sorazu, B. and Souradeep, T. and Staley, A. and Stebbins, J. and Steinke, M. and Steinlechner, J. and Steinlechner, S. and Steinmeyer, D. and Stephens, B. C. and Steplewski, S. and Stevenson, S. and Stone, R. and Strain, K. A. and Strigin, S. and Sturani, R. and Stuver, A. L. and Summerscales, T. Z. and Sutton, P. J. and Szczepanczyk, M. and Szeifert, G. and Talukder, D. and Tanner, D. B. and T{\'{a}}pai, M. and Tarabrin, S. P. and Taracchini, A. and Taylor, R. and Tellez, G. and Theeg, T. and Thirugnanasambandam, M. P. and Thomas, M. and Thomas, P. and Thorne, K. S. A. and Thorne, K. S. A. and Thrane, E. and Tiwari, V. and Tomlinson, C. and Torres, C. V. and Torrie, C. I. and Traylor, G. and Tse, M. and Tshilumba, D. and Ugolini, D. and Unnikrishnan, C. S. and Urban, A. L. and Usman, S. A. and Vahlbruch, H. and Vajente, G. and Valdes, G. and Vallisneri, M. and Van Veggel, A. A. and Vass, S. and Vaulin, R. and Vecchio, A. and Veitch, J. and Veitch, P. J. and Venkateswara, K. and Vincent-Finley, R. and Vitale, S. and Vo, T. and Vorvick, C. and Vousden, W. D. and Vyatchanin, S. P. and Wade, A. R. and Wade, L. and Wade, M. and Walker, M. and Wallace, L. and Walsh, S. and Wang, H. and Wang, M. and Wang, X. and Ward, R. L. and Warner, J. and Was, M. and Weaver, B. and Weinert, M. and Weinstein, A. J. and Weiss, R. and Welborn, T. and Wen, L. and Wessels, P. and Westphal, T. and Wette, K. and Whelan, J. T. and Whitcomb, S. E. and White, D. J. and Whiting, B. F. and Wilkinson, C. and Williams, L. and Williams, R. and Williamson, A. R. and Willis, J. L. and Willke, B. and Wimmer, M. and Winkler, W. and Wipf, C. C. and Wittel, H. and Woan, G. and Worden, J. and Xie, S. and Yablon, J. and Yakushin, I. and Yam, W. and Yamamoto, H. and Yancey, C. C. and Yang, Q. and Zanolin, M. and Zhang, Fan and Zhang, L. and Zhang, M. and Zhang, Y. and Zhao, C. and Zhou, M. and Zhu, X. J. and Zucker, M. E. and Zuraw, S. and Zweizig, J.},
    number = {7},
    month = {4},
    pages = {074001},
    volume = {32},
    publisher = {IOP Publishing},
    url = {http://stacks.iop.org/0264-9381/32/i=7/a=074001?key=crossref.20895763c84bce3f8929251031b2475c},
    isbn = {doi:10.1364/JOSAA.1.000932},
    doi = {10.1088/0264-9381/32/7/074001},
    issn = {13616382},
    arxivId = {1411.4547},
    keywords = {gravitational waves, interferometers, optics, seismic isolation}
}

@article{Acernese2015,
    title = {{Advanced Virgo: A second-generation interferometric gravitational wave detector}},
    year = {2015},
    journal = {Classical and Quantum Gravity},
    author = {Acernese, F. and Agathos, M. and Agatsuma, K. and Aisa, D. and Allemandou, N. and Allocca, A. and Amarni, J. and Astone, P. and Balestri, G. and Ballardin, G. and Barone, F. and Baronick, J. P. and Barsuglia, M. and Basti, A. and Basti, F. and Bauer, Th S. and Bavigadda, V. and Bejger, M. and Beker, M. G. and Belczynski, C. and Bersanetti, D. and Bertolini, A. and Bitossi, M. and Bizouard, M. A. and Bloemen, S. and Blom, M. and Boer, M. and Bogaert, G. and Bondi, D. and Bondu, F. and Bonelli, L. and Bonnand, R. and Boschi, V. and Bosi, L. and Bouedo, T. and Bradaschia, C. and Branchesi, M. and Briant, T. and Brillet, A. and Brisson, V. and Bulik, T. and Bulten, H. J. and Buskulic, D. and Buy, C. and Cagnoli, G. and Calloni, E. and Campeggi, C. and Canuel, B. and Carbognani, F. and Cavalier, F. and Cavalieri, R. and Cella, G. and Cesarini, E. and Mottin, E. Chassande and Chincarini, A. and Chiummo, A. and Chua, S. and Cleva, F. and Coccia, E. and Cohadon, P. F. and Colla, A. and Colombini, M. and Conte, A. and Coulon, J. P. and Cuoco, E. and Dalmaz, A. and D'Antonio, S. and Dattilo, V. and Davier, M. and Day, R. and Debreczeni, G. and Degallaix, J. and Del{\'{e}}glise, S. and Pozzo, W. Del and Dereli, H. and Rosa, R. De and Fiore, L. Di and Lieto, A. Di and Virgilio, A. Di and Doets, M. and Dolique, V. and Drago, M. and Ducrot, M. and Endrczi, G. and Fafone, V. and Farinon, S. and Ferrante, I. and Ferrini, F. and Fidecaro, F. and Fiori, I. and Flaminio, R. and Fournier, J. D. and Franco, S. and Frasca, S. and Frasconi, F. and Gammaitoni, L. and Garufi, F. and Gaspard, M. and Gatto, A. and Gemme, G. and Gendre, B. and Genin, E. and Gennai, A. and Ghosh, S. and Giacobone, L. and Giazotto, A. and Gouaty, R. and Granata, M. and Greco, G. and Groot, P. and Guidi, G. M. and Harms, J. and Heidmann, A. and Heitmann, H. and Hello, P. and Hemming, G. and Hennes, E. and Hofman, D. and Jaranowski, P. and Jonker, R. J.G. and Kasprzack, M. and K{\'{e}}f{\'{e}}lian, F. and Kowalska, I. and Kraan, M. and Kr{\'{o}}lak, A. and Kutynia, A. and Lazzaro, C. and Leonardi, M. and Leroy, N. and Letendre, N. and Li, T. G.F. and Lieunard, B. and Lorenzini, M. and Loriette, V. and Losurdo, G. and Magazz{\'{u}}, C. and Majorana, E. and Maksimovic, I. and Malvezzi, V. and Man, N. and Mangano, V. and Mantovani, M. and Marchesoni, F. and Marion, F. and Marque, J. and Martelli, F. and Martellini, L. and Masserot, A. and Meacher, D. and Meidam, J. and Mezzani, F. and Michel, C. and Milano, L. and Minenkov, Y. and Moggi, A. and Mohan, M. and Montani, M. and Morgado, N. and Mours, B. and Mul, F. and Nagy, M. F. and Nardecchia, I. and Naticchioni, L. and Nelemans, G. and Neri, I. and Neri, M. and Nocera, F. and Pacaud, E. and Palomba, C. and Paoletti, F. and Paoli, A. and Pasqualetti, A. and Passaquieti, R. and Passuello, D. and Perciballi, M. and Petit, S. and Pichot, M. and Piergiovanni, F. and Pillant, G. and Piluso, A. and Pinard, L. and Poggiani, R. and Prijatelj, M. and Prodi, G. A. and Punturo, M. and Puppo, P. and Rabeling, D. S. and R{\'{a}}cz, I. and Rapagnani, P. and Razzano, M. and Re, V. and Regimbau, T. and Ricci, F. and Robinet, F. and Rocchi, A. and Rolland, L. and Romano, R. and Rosi{\'{n}}ska, D. and Ruggi, P. and Saracco, E. and Sassolas, B. and Schimmel, F. and Sentenac, D. and Sequino, V. and Shah, S. and Siellez, K. and Straniero, N. and Swinkels, B. and Tacca, M. and Tonelli, M. and Travasso, F. and Turconi, M. and Vajente, G. and Van Bakel, N. and Van Beuzekom, M. and Van Den Brand, J. F.J. and Van Den Broeck, C. and Van Der Sluys, M. V. and Van Heijningen, J. and Vas{\'{u}}th, M. and Vedovato, G. and Veitch, J. and Verkindt, D. and Vetrano, F. and Vicer{\'{e}}, A. and Vinet, J. Y. and Visser, G. and Vocca, H. and Ward, R. and Was, M. and Wei, L. W. and Yvert, M. and Zny, A. Zadro and Zendri, J. P.},
    number = {2},
    month = {1},
    pages = {024001},
    volume = {32},
    publisher = {IOP Publishing},
    url = {http://stacks.iop.org/0264-9381/32/i=2/a=024001?key=crossref.f3779cf21eab5f6631c6650a20708030},
    doi = {10.1088/0264-9381/32/2/024001},
    issn = {13616382},
    arxivId = {1408.3978},
    keywords = {gravitational wave detectors, gravitational waves, laser interferometry}
}

@article{Abbott2019,
    title = {{All-sky search for continuous gravitational waves from isolated neutron stars using Advanced LIGO O2 data}},
    year = {2019},
    journal = {Physical Review D},
    author = {Abbott, B. P. and Abbott, R. and Abbott, T. D. and Abraham, S. and Acernese, F. and Ackley, K. and Adams, C. and Adhikari, R. X. and Adya, V. B. and Affeldt, C. and Agathos, M. and Agatsuma, K. and Aggarwal, N. and Aguiar, O. D. and Aiello, L. and Ain, A. and Ajith, P. and Allen, G. and Allocca, A. and Aloy, M. A. and Altin, P. A. and Amato, A. and Ananyeva, A. and Anderson, S. B. and Anderson, W. G. and Angelova, S. V. and Antier, S. and Appert, S. and Arai, K. and Araya, M. C. and Areeda, J. S. and Ar{\`{e}}ne, M. and Arnaud, N. and Arun, K. G. and Ascenzi, S. and Ashton, G. and Aston, S. M. and Astone, P. and Aubin, F. and Aufmuth, P. and AultONeal, K. and Austin, C. and Avendano, V. and Avila-Alvarez, A. and Babak, S. and Bacon, P. and Badaracco, F. and Bader, M. K. M. and Bae, S. and Baker, P. T. and Baldaccini, F. and Ballardin, G. and Ballmer, S. W. and Banagiri, S. and Barayoga, J. C. and Barclay, S. E. and Barish, B. C. and Barker, D. and Barkett, K. and Barnum, S. and Barone, F. and Barr, B. and Barsotti, L. and Barsuglia, M. and Barta, D. and Bartlett, J. and Bartos, I. and Bassiri, R. and Basti, A. and Bawaj, M. and Bayley, J. C. and Bazzan, M. and B{\'{e}}csy, B. and Bejger, M. and Belahcene, I. and Bell, A. S. and Beniwal, D. and Berger, B. K. and Bergmann, G. and Bernuzzi, S. and Bero, J. J. and Berry, C. P. L. and Bersanetti, D. and Bertolini, A. and Betzwieser, J. and Bhandare, R. and Bidler, J. and Bilenko, I. A. and Bilgili, S. A. and Billingsley, G. and Birch, J. and Birney, R. and Birnholtz, O. and Biscans, S. and Biscoveanu, S. and Bisht, A. and Bitossi, M. and Bizouard, M. A. and Blackburn, J. K. and Blair, C. D. and Blair, D. G. and Blair, R. M. and Bloemen, S. and Bode, N. and Boer, M. and Boetzel, Y. and Bogaert, G. and Bondu, F. and Bonilla, E. and Bonnand, R. and Booker, P. and Boom, B. A. and Booth, C. D. and Bork, R. and Boschi, V. and Bose, S. and Bossie, K. and Bossilkov, V. and Bosveld, J. and Bouffanais, Y. and Bozzi, A. and Bradaschia, C. and Brady, P. R. and Bramley, A. and Branchesi, M. and Brau, J. E. and Briant, T. and Briggs, J. H. and Brighenti, F. and Brillet, A. and Brinkmann, M. and Brisson, V. and Brockill, P. and Brooks, A. F. and Brown, D. D. and Brunett, S. and Buikema, A. and Bulik, T. and Bulten, H. J. and Buonanno, A. and Buskulic, D. and Buy, C. and Byer, R. L. and Cabero, M. and Cadonati, L. and Cagnoli, G. and Cahillane, C. and Calder{\'{o}}n Bustillo, J. and Callister, T. A. and Calloni, E. and Camp, J. B. and Campbell, W. A. and Cannon, K. C. and Cao, H. and Cao, J. and Capocasa, E. and Carbognani, F. and Caride, S. and Carney, M. F. and Carullo, G. and Casanueva Diaz, J. and Casentini, C. and Caudill, S. and Cavagli{\`{a}}, M. and Cavalier, F. and Cavalieri, R. and Cella, G. and Cerd{\'{a}}-Dur{\'{a}}n, P. and Cerretani, G. and Cesarini, E. and Chaibi, O. and Chakravarti, K. and Chamberlin, S. J. and Chan, M. and Chao, S. and Charlton, P. and Chase, E. A. and Chassande-Mottin, E. and Chatterjee, D. and Chaturvedi, M. and Chatziioannou, K. and Cheeseboro, B. D. and Chen, H. Y. and Chen, X. and Chen, Y. and Cheng, H.-P. and Cheong, C. K. and Chia, H. Y. and Chincarini, A. and Chiummo, A. and Cho, G. and Cho, H. S. and Cho, M. and Christensen, N. and Chu, Q. and Chua, S. and Chung, K. W. and Chung, S. and Ciani, G. and Ciecielag, P. and Ciobanu, A. A. and Ciolfi, R. and Cipriano, F. and Cirone, A. and Clara, F. and Clark, J. A. and Clearwater, P. and Cleva, F. and Cocchieri, C. and Coccia, E. and Cohadon, P.-F. and Cohen, D. and Colgan, R. and Colleoni, M. and Collette, C. G. and Collins, C. and Cominsky, L. R. and Constancio, M. and Conti, L. and Cooper, S. J. and Corban, P. and Corbitt, T. R. and Cordero-Carri{\'{o}}n, I. and Corley, K. R. and Cornish, N. and Corsi, A. and Cortese, S. and Costa, C. A. and Cotesta, R. and Coughlin, M. W. and Coughlin, S. B. and Coulon, J.-P. and Countryman, S. T. and Couvares, P. and Covas, P. B. and Cowan, E. E. and Coward, D. M. and Cowart, M. J. and Coyne, D. C. and Coyne, R. and Creighton, J. D. E. and Creighton, T. D. and Cripe, J. and Croquette, M. and Crowder, S. G. and Cullen, T. J. and Cumming, A. and Cunningham, L. and Cuoco, E. and Dal Canton, T. and D{\'{a}}lya, G. and Danilishin, S. L. and D’Antonio, S. and Danzmann, K. and Dasgupta, A. and Da Silva Costa, C. F. and Datrier, L. E. H. and Dattilo, V. and Dave, I. and Davier, M. and Davis, D. and Daw, E. J. and DeBra, D. and Deenadayalan, M. and Degallaix, J. and De Laurentis, M. and Del{\'{e}}glise, S. and Del Pozzo, W. and DeMarchi, L. M. and Demos, N. and Dent, T. and De Pietri, R. and Derby, J. and De Rosa, R. and De Rossi, C. and DeSalvo, R. and de Varona, O. and Dhurandhar, S. and D{\'{i}}az, M. C. and Dietrich, T. and Di Fiore, L. and Di Giovanni, M. and Di Girolamo, T. and Di Lieto, A. and Ding, B. and Di Pace, S. and Di Palma, I. and Di Renzo, F. and Dmitriev, A. and Doctor, Z. and Donovan, F. and Dooley, K. L. and Doravari, S. and Dorosh, O. and Dorrington, I. and Downes, T. P. and Drago, M. and Driggers, J. C. and Du, Z. and Ducoin, J.-G. and Dupej, P. and Dwyer, S. E. and Easter, P. J. and Edo, T. B. and Edwards, M. C. and Effler, A. and Ehrens, P. and Eichholz, J. and Eikenberry, S. S. and Eisenmann, M. and Eisenstein, R. A. and Essick, R. C. and Estelles, H. and Estevez, D. and Etienne, Z. B. and Etzel, T. and Evans, M. and Evans, T. M. and Fafone, V. and Fair, H. and Fairhurst, S. and Fan, X. and Farinon, S. and Farr, B. and Farr, W. M. and Fauchon-Jones, E. J. and Favata, M. and Fays, M. and Fazio, M. and Fee, C. and Feicht, J. and Fejer, M. M. and Feng, F. and Fernandez-Galiana, A. and Ferrante, I. and Ferreira, E. C. and Ferreira, T. A. and Ferrini, F. and Fidecaro, F. and Fiori, I. and Fiorucci, D. and Fishbach, M. and Fisher, R. P. and Fishner, J. M. and Fitz-Axen, M. and Flaminio, R. and Fletcher, M. and Flynn, E. and Fong, H. and Font, J. A. and Forsyth, P. W. F. and Fournier, J.-D. and Frasca, S. and Frasconi, F. and Frei, Z. and Freise, A. and Frey, R. and Frey, V. and Fritschel, P. and Frolov, V. V. and Fulda, P. and Fyffe, M. and Gabbard, H. A. and Gadre, B. U. and Gaebel, S. M. and Gair, J. R. and Gammaitoni, L. and Ganija, M. R. and Gaonkar, S. G. and Garcia, A. and Garc{\'{i}}a-Quir{\'{o}}s, C. and Garufi, F. and Gateley, B. and Gaudio, S. and Gaur, G. and Gayathri, V. and Gemme, G. and Genin, E. and Gennai, A. and George, D. and George, J. and Gergely, L. and Germain, V. and Ghonge, S. and Ghosh, Abhirup and Ghosh, Archisman and Ghosh, S. and Giacomazzo, B. and Giaime, J. A. and Giardina, K. D. and Giazotto, A. and Gill, K. and Giordano, G. and Glover, L. and Godwin, P. and Goetz, E. and Goetz, R. and Goncharov, B. and Gonz{\'{a}}lez, G. and Gonzalez Castro, J. M. and Gopakumar, A. and Gorodetsky, M. L. and Gossan, S. E. and Gosselin, M. and Gouaty, R. and Grado, A. and Graef, C. and Granata, M. and Grant, A. and Gras, S. and Grassia, P. and Gray, C. and Gray, R. and Greco, G. and Green, A. C. and Green, R. and Gretarsson, E. M. and Groot, P. and Grote, H. and Grunewald, S. and Gruning, P. and Guidi, G. M. and Gulati, H. K. and Guo, Y. and Gupta, A. and Gupta, M. K. and Gustafson, E. K. and Gustafson, R. and Haegel, L. and Halim, O. and Hall, B. R. and Hall, E. D. and Hamilton, E. Z. and Hammond, G. and Haney, M. and Hanke, M. M. and Hanks, J. and Hanna, C. and Hannam, M. D. and Hannuksela, O. A. and Hanson, J. and Hardwick, T. and Haris, K. and Harms, J. and Harry, G. M. and Harry, I. W. and Haskell, B. and Haster, C.-J. and Haughian, K. and Hayes, F. J. and Healy, J. and Heidmann, A. and Heintze, M. C. and Heitmann, H. and Hello, P. and Hemming, G. and Hendry, M. and Heng, I. S. and Hennig, J. and Heptonstall, A. W. and Hernandez Vivanco, Francisco and Heurs, M. and Hild, S. and Hinderer, T. and Hoak, D. and Hochheim, S. and Hofman, D. and Holgado, A. M. and Holland, N. A. and Holt, K. and Holz, D. E. and Hopkins, P. and Horst, C. and Hough, J. and Hourihane, S. and Howell, E. J. and Hoy, C. G. and Hreibi, A. and Huerta, E. A. and Huet, D. and Hughey, B. and Hulko, M. and Husa, S. and Huttner, S. H. and Huynh-Dinh, T. and Idzkowski, B. and Iess, A. and Ingram, C. and Inta, R. and Intini, G. and Irwin, B. and Isa, H. N. and Isac, J.-M. and Isi, M. and Iyer, B. R. and Izumi, K. and Jacqmin, T. and Jadhav, S. J. and Jani, K. and Janthalur, N. N. and Jaranowski, P. and Jenkins, A. C. and Jiang, J. and Johnson, D. S. and Jones, A. W. and Jones, D. I. and Jones, R. and Jonker, R. J. G. and Ju, L. and Junker, J. and Kalaghatgi, C. V. and Kalogera, V. and Kamai, B. and Kandhasamy, S. and Kang, G. and Kanner, J. B. and Kapadia, S. J. and Karki, S. and Karvinen, K. S. and Kashyap, R. and Kasprzack, M. and Katsanevas, S. and Katsavounidis, E. and Katzman, W. and Kaufer, S. and Kawabe, K. and Keerthana, N. V. and K{\'{e}}f{\'{e}}lian, F. and Keitel, D. and Kennedy, R. and Key, J. S. and Khalili, F. Y. and Khan, H. and Khan, I. and Khan, S. and Khan, Z. and Khazanov, E. A. and Khursheed, M. and Kijbunchoo, N. and Kim, Chunglee and Kim, J. C. and Kim, K. and Kim, W. and Kim, W. S. and Kim, Y.-M. and Kimball, C. and King, E. J. and King, P. J. and Kinley-Hanlon, M. and Kirchhoff, R. and Kissel, J. S. and Kleybolte, L. and Klika, J. H. and Klimenko, S. and Knowles, T. D. and Koch, P. and Koehlenbeck, S. M. and Koekoek, G. and Koley, S. and Kondrashov, V. and Kontos, A. and Koper, N. and Korobko, M. and Korth, W. Z. and Kowalska, I. and Kozak, D. B. and Kringel, V. and Krishnendu, N. and Kr{\'{o}}lak, A. and Kuehn, G. and Kumar, A. and Kumar, P. and Kumar, R. and Kumar, S. and Kuo, L. and Kutynia, A. and Kwang, S. and Lackey, B. D. and Lai, K. H. and Lam, T. L. and Landry, M. and Lane, B. B. and Lang, R. N. and Lange, J. and Lantz, B. and Lanza, R. K. and Lartaux-Vollard, A. and Lasky, P. D. and Laxen, M. and Lazzarini, A. and Lazzaro, C. and Leaci, P. and Leavey, S. and Lecoeuche, Y. K. and Lee, C. H. and Lee, H. K. and Lee, H. M. and Lee, H. W. and Lee, J. and Lee, K. and Lehmann, J. and Lenon, A. and Leroy, N. and Letendre, N. and Levin, Y. and Leviton, J. and Li, J. and Li, K. J. L. and Li, T. G. F. and Li, X. and Lin, F. and Linde, F. and Linker, S. D. and Littenberg, T. B. and Liu, J. and Liu, X. and Lo, R. K. L. and Lockerbie, N. A. and London, L. T. and Longo, A. and Lorenzini, M. and Loriette, V. and Lormand, M. and Losurdo, G. and Lough, J. D. and Lousto, C. O. and Lovelace, G. and Lower, M. E. and L{\"{u}}ck, H. and Lumaca, D. and Lundgren, A. P. and Lynch, R. and Ma, Y. and Macas, R. and Macfoy, S. and MacInnis, M. and Macleod, D. M. and Macquet, A. and Maga{\~{n}}a-Sandoval, F. and Maga{\~{n}}a Zertuche, L. and Magee, R. M. and Majorana, E. and Maksimovic, I. and Malik, A. and Man, N. and Mandic, V. and Mangano, V. and Mansell, G. L. and Manske, M. and Mantovani, M. and Marchesoni, F. and Marion, F. and M{\'{a}}rka, S. and M{\'{a}}rka, Z. and Markakis, C. and Markosyan, A. S. and Markowitz, A. and Maros, E. and Marquina, A. and Marsat, S. and Martelli, F. and Martin, I. W. and Martin, R. M. and Martynov, D. V. and Mason, K. and Massera, E. and Masserot, A. and Massinger, T. J. and Masso-Reid, M. and Mastrogiovanni, S. and Matas, A. and Matichard, F. and Matone, L. and Mavalvala, N. and Mazumder, N. and McCann, J. J. and McCarthy, R. and McClelland, D. E. and McCormick, S. and McCuller, L. and McGuire, S. C. and McIver, J. and McManus, D. J. and McRae, T. and McWilliams, S. T. and Meacher, D. and Meadors, G. D. and Mehmet, M. and Mehta, A. K. and Meidam, J. and Melatos, A. and Mendell, G. and Mercer, R. A. and Mereni, L. and Merilh, E. L. and Merzougui, M. and Meshkov, S. and Messenger, C. and Messick, C. and Metzdorff, R. and Meyers, P. M. and Miao, H. and Michel, C. and Middleton, H. and Mikhailov, E. E. and Milano, L. and Miller, A. L. and Miller, A. and Millhouse, M. and Mills, J. C. and Milovich-Goff, M. C. and Minazzoli, O. and Minenkov, Y. and Mishkin, A. and Mishra, C. and Mistry, T. and Mitra, S. and Mitrofanov, V. P. and Mitselmakher, G. and Mittleman, R. and Mo, G. and Moffa, D. and Mogushi, K. and Mohapatra, S. R. P. and Montani, M. and Moore, C. J. and Moraru, D. and Moreno, G. and Morisaki, S. and Mours, B. and Mow-Lowry, C. M. and Mukherjee, Arunava and Mukherjee, D. and Mukherjee, S. and Mukund, N. and Mullavey, A. and Munch, J. and Mu{\~{n}}iz, E. A. and Muratore, M. and Murray, P. G. and Nardecchia, I. and Naticchioni, L. and Nayak, R. K. and Neilson, J. and Nelemans, G. and Nelson, T. J. N. and Nery, M. and Neunzert, A. and Ng, K. Y. and Ng, S. and Nguyen, P. and Nichols, D. and Nissanke, S. and Nocera, F. and North, C. and Nuttall, L. K. and Obergaulinger, M. and Oberling, J. and O’Brien, B. D. and O’Dea, G. D. and Ogin, G. H. and Oh, J. J. and Oh, S. H. and Ohme, F. and Ohta, H. and Okada, M. A. and Oliver, M. and Oppermann, P. and Oram, Richard J. and O’Reilly, B. and Ormiston, R. G. and Ortega, L. F. and O’Shaughnessy, R. and Ossokine, S. and Ottaway, D. J. and Overmier, H. and Owen, B. J. and Pace, A. E. and Pagano, G. and Page, M. A. and Pai, A. and Pai, S. A. and Palamos, J. R. and Palashov, O. and Palomba, C. and Pal-Singh, A. and Pan, Huang-Wei and Pang, B. and Pang, P. T. H. and Pankow, C. and Pannarale, F. and Pant, B. C. and Paoletti, F. and Paoli, A. and Parida, A. and Parker, W. and Pascucci, D. and Pasqualetti, A. and Passaquieti, R. and Passuello, D. and Patil, M. and Patricelli, B. and Pearlstone, B. L. and Pedersen, C. and Pedraza, M. and Pedurand, R. and Pele, A. and Penn, S. and Perez, C. J. and Perreca, A. and Pfeiffer, H. P. and Phelps, M. and Phukon, K. S. and Piccinni, O. J. and Pichot, M. and Piergiovanni, F. and Pillant, G. and Pinard, L. and Pirello, M. and Pitkin, M. and Poggiani, R. and Pong, D. Y. T. and Ponrathnam, S. and Popolizio, P. and Porter, E. K. and Powell, J. and Prajapati, A. K. and Prasad, J. and Prasai, K. and Prasanna, R. and Pratten, G. and Prestegard, T. and Privitera, S. and Prodi, G. A. and Prokhorov, L. G. and Puncken, O. and Punturo, M. and Puppo, P. and P{\"{u}}rrer, M. and Qi, H. and Quetschke, V. and Quinonez, P. J. and Quintero, E. A. and Quitzow-James, R. and Raab, F. J. and Radkins, H. and Radulescu, N. and Raffai, P. and Raja, S. and Rajan, C. and Rajbhandari, B. and Rakhmanov, M. and Ramirez, K. E. and Ramos-Buades, A. and Rana, Javed and Rao, K. and Rapagnani, P. and Raymond, V. and Razzano, M. and Read, J. and Regimbau, T. and Rei, L. and Reid, S. and Reitze, D. H. and Ren, W. and Ricci, F. and Richardson, C. J. and Richardson, J. W. and Ricker, P. M. and Riles, K. and Rizzo, M. and Robertson, N. A. and Robie, R. and Robinet, F. and Rocchi, A. and Rolland, L. and Rollins, J. G. and Roma, V. J. and Romanelli, M. and Romano, R. and Romel, C. L. and Romie, J. H. and Rose, K. and Rosi{\'{n}}ska, D. and Rosofsky, S. G. and Ross, M. P. and Rowan, S. and R{\"{u}}diger, A. and Ruggi, P. and Rutins, G. and Ryan, K. and Sachdev, S. and Sadecki, T. and Sakellariadou, M. and Salconi, L. and Saleem, M. and Samajdar, A. and Sammut, L. and Sanchez, E. J. and Sanchez, L. E. and Sanchis-Gual, N. and Sandberg, V. and Sanders, J. R. and Santiago, K. A. and Sarin, N. and Sassolas, B. and Sathyaprakash, B. S. and Saulson, P. R. and Sauter, O. and Savage, R. L. and Schale, P. and Scheel, M. and Scheuer, J. and Schmidt, P. and Schnabel, R. and Schofield, R. M. S. and Sch{\"{o}}nbeck, A. and Schreiber, E. and Schulte, B. W. and Schutz, B. F. and Schwalbe, S. G. and Scott, J. and Scott, S. M. and Seidel, E. and Sellers, D. and Sengupta, A. S. and Sennett, N. and Sentenac, D. and Sequino, V. and Sergeev, A. and Setyawati, Y. and Shaddock, D. A. and Shaffer, T. and Shahriar, M. S. and Shaner, M. B. and Shao, L. and Sharma, P. and Shawhan, P. and Shen, H. and Shink, R. and Shoemaker, D. H. and Shoemaker, D. M. and ShyamSundar, S. and Siellez, K. and Sieniawska, M. and Sigg, D. and Silva, A. D. and Singer, L. P. and Singh, N. and Singhal, A. and Sintes, A. M. and Sitmukhambetov, S. and Skliris, V. and Slagmolen, B. J. J. and Slaven-Blair, T. J. and Smith, J. R. and Smith, R. J. E. and Somala, S. and Son, E. J. and Sorazu, B. and Sorrentino, F. and Souradeep, T. and Sowell, E. and Spencer, A. P. and Srivastava, A. K. and Srivastava, V. and Staats, K. and Stachie, C. and Standke, M. and Steer, D. A. and Steinke, M. and Steinlechner, J. and Steinlechner, S. and Steinmeyer, D. and Stevenson, S. P. and Stocks, D. and Stone, R. and Stops, D. J. and Strain, K. A. and Stratta, G. and Strigin, S. E. and Strunk, A. and Sturani, R. and Stuver, A. L. and Sudhir, V. and Summerscales, T. Z. and Sun, L. and Sunil, S. and Suresh, J. and Sutton, P. J. and Swinkels, B. L. and Szczepa{\'{n}}czyk, M. J. and Tacca, M. and Tait, S. C. and Talbot, C. and Talukder, D. and Tanner, D. B. and T{\'{a}}pai, M. and Taracchini, A. and Tasson, J. D. and Taylor, R. and Tenorio, R. and Thies, F. and Thomas, M. and Thomas, P. and Thondapu, S. R. and Thorne, K. A. and Thrane, E. and Tiwari, Shubhanshu and Tiwari, Srishti and Tiwari, V. and Toland, K. and Tonelli, M. and Tornasi, Z. and Torres-Forn{\'{e}}, A. and Torrie, C. I. and T{\"{o}}yr{\"{a}}, D. and Travasso, F. and Traylor, G. and Tringali, M. C. and Trovato, A. and Trozzo, L. and Trudeau, R. and Tsang, K. W. and Tse, M. and Tso, R. and Tsukada, L. and Tsuna, D. and Tuyenbayev, D. and Ueno, K. and Ugolini, D. and Unnikrishnan, C. S. and Urban, A. L. and Usman, S. A. and Vahlbruch, H. and Vajente, G. and Valdes, G. and van Bakel, N. and van Beuzekom, M. and van den Brand, J. F. J. and Van Den Broeck, C. and Vander-Hyde, D. C. and van Heijningen, J. V. and van der Schaaf, L. and van Veggel, A. A. and Vardaro, M. and Varma, V. and Vass, S. and Vas{\'{u}}th, M. and Vecchio, A. and Vedovato, G. and Veitch, J. and Veitch, P. J. and Venkateswara, K. and Venugopalan, G. and Verkindt, D. and Vetrano, F. and Vicer{\'{e}}, A. and Viets, A. D. and Vine, D. J. and Vinet, J.-Y. and Vitale, S. and Vo, T. and Vocca, H. and Vorvick, C. and Vyatchanin, S. P. and Wade, A. R. and Wade, L. E. and Wade, M. and Walet, R. and Walker, M. and Wallace, L. and Walsh, S. and Wang, G. and Wang, H. and Wang, J. Z. and Wang, W. H. and Wang, Y. F. and Ward, R. L. and Warden, Z. A. and Warner, J. and Was, M. and Watchi, J. and Weaver, B. and Wei, L.-W. and Weinert, M. and Weinstein, A. J. and Weiss, R. and Weldon, G. and Wellmann, F. and Wen, L. and Wessel, E. K. and We{\ss}els, P. and Westhouse, J. W. and Wette, K. and Whelan, J. T. and Whiting, B. F. and Whittle, C. and Wilken, D. M. and Williams, D. and Williamson, A. R. and Willis, J. L. and Willke, B. and Wimmer, M. H. and Winkler, W. and Wipf, C. C. and Wittel, H. and Woan, G. and Woehler, J. and Wofford, J. K. and Worden, J. and Wright, J. L. and Wu, D. S. and Wysocki, D. M. and Xiao, L. and Yamamoto, H. and Yancey, C. C. and Yang, L. and Yap, M. J. and Yazback, M. and Yeeles, D. W. and Yu, Hang and Yu, Haocun and Yuen, S. H. R. and Yvert, M. and Zadro{\.{z}}ny, A. K. and Zanolin, M. and Zelenova, T. and Zendri, J.-P. and Zevin, M. and Zhang, J. and Zhang, L. and Zhang, T. and Zhao, C. and Zhou, M. and Zhou, Z. and Zhu, X. J. and Zucker, M. E. and Zweizig, J. and Pisarski, A.},
    number = {2},
    month = {7},
    pages = {024004},
    volume = {100},
    publisher = {American Physical Society},
    url = {https://link.aps.org/doi/10.1103/PhysRevD.100.024004},
    doi = {10.1103/physrevd.100.024004},
    issn = {2470-0010},
    arxivId = {1903.01901}
}

@article{Dupuis2005,
    title = {{Bayesian estimation of pulsar parameters from gravitational wave data}},
    year = {2005},
    journal = {Physical Review D - Particles, Fields, Gravitation and Cosmology},
    author = {Dupuis, Réjean J. and Woan, Graham},
    number = {10},
    month = {11},
    pages = {102002},
    volume = {72},
    publisher = {American Physical Society},
    url = {https://link.aps.org/doi/10.1103/PhysRevD.72.102002},
    doi = {10.1103/PhysRevD.72.102002},
    issn = {15507998},
    arxivId = {gr-qc/0508096}
}

@article{Walsh2016,
    title = {{Comparison of methods for the detection of gravitational waves from unknown neutron stars}},
    year = {2016},
    journal = {Physical Review D},
    author = {Walsh, S. and Pitkin, M. and Oliver, M. and D'Antonio, S. and Dergachev, V. and Kr{\'{o}}lak, A. and Astone, P. and Bejger, M. and Di Giovanni, M. and Dorosh, O. and Frasca, S. and Leaci, P. and Mastrogiovanni, S. and Miller, A. and Palomba, C. and Papa, M. A. and Piccinni, O. J. and Riles, K. and Sauter, O. and Sintes, A. M.},
    number = {12},
    month = {12},
    pages = {124010},
    volume = {94},
    publisher = {American Physical Society},
    url = {https://link.aps.org/doi/10.1103/PhysRevD.94.124010},
    doi = {10.1103/PhysRevD.94.124010},
    issn = {24700029}
}

@article{Gebhard2019,
    title = {{Convolutional neural networks: A magic bullet for gravitational-wave detection?}},
    year = {2019},
    journal = {Physical Review D},
    author = {Gebhard, Timothy D. and Kilbertus, Niki and Harry, Ian and Sch{\"{o}}lkopf, Bernhard},
    number = {6},
    month = {9},
    pages = {063015},
    volume = {100},
    publisher = {American Physical Society},
    url = {https://link.aps.org/doi/10.1103/PhysRevD.100.063015},
    doi = {10.1103/PhysRevD.100.063015},
    issn = {24700029},
    arxivId = {1904.08693}
}

@article{Jaranowski1998,
    title = {{Data analysis of gravitational-wave signals from spinning neutron stars: The signal and its detection}},
    year = {1998},
    journal = {Physical Review D - Particles, Fields, Gravitation and Cosmology},
    author = {Schutz, B.},
    number = {6},
    month = {8},
    pages = {063001},
    volume = {58},
    publisher = {American Physical Society},
    url = {https://link.aps.org/doi/10.1103/PhysRevD.58.063001},
    doi = {10.1103/PhysRevD.58.063001},
    issn = {15502368},
    arxivId = {gr-qc/9804014}
}

@article{LeCun2015,
    title = {{Deep learning}},
    year = {2015},
    journal = {Nature},
    author = {Lecun, Yann and Bengio, Yoshua and Hinton, Geoffrey},
    number = {7553},
    month = {5},
    pages = {436--444},
    volume = {521},
    publisher = {Nature Publishing Group},
    url = {http://www.nature.com/articles/nature14539},
    doi = {10.1038/nature14539},
    issn = {14764687},
    pmid = {26017442},
    keywords = {Computer science, Mathematics and computing}
}

@article{George2018,
    title = {{Deep Learning for real-time gravitational wave detection and parameter estimation: Results with Advanced LIGO data}},
    year = {2018},
    journal = {Physics Letters, Section B: Nuclear, Elementary Particle and High-Energy Physics},
    author = {George, Daniel and Huerta, E. A.},
    month = {3},
    pages = {64--70},
    volume = {778},
    publisher = {North-Holland},
    url = {https://www.sciencedirect.com/science/article/pii/S0370269317310390?via%3Dihub},
    doi = {10.1016/j.physletb.2017.12.053},
    issn = {03702693},
    arxivId = {1711.07966},
    keywords = {Classification and regression, Convolutional neural networks, Deep Learning, Gravitational waves, LIGO, Time-series signal processing}
}

@article{Dreissigacker2019,
    title = {{Deep-learning continuous gravitational waves}},
    year = {2019},
    journal = {Physical Review D},
    author = {Dreissigacker, Christoph and Sharma, Rahul and Messenger, Chris and Zhao, Ruining and Prix, Reinhard},
    number = {4},
    month = {8},
    pages = {044009},
    volume = {100},
    publisher = {American Physical Society},
    url = {https://link.aps.org/doi/10.1103/PhysRevD.100.044009},
    doi = {10.1103/PhysRevD.100.044009},
    issn = {24700029},
    arxivId = {1904.13291}
}

@incollection{Baird1992,
    title = {{Document Image Defect Models}},
    year = {1992},
    booktitle = {Structured Document Image Analysis},
    author = {Baird, Henry S.},
    pages = {546--556},
    publisher = {Springer Berlin Heidelberg},
    url = {http://www.springerlink.com/index/10.1007/978-3-642-77281-8_26},
    address = {Berlin, Heidelberg},
    doi = {10.1007/978-3-642-77281-8{\_}26}
}

@article{Viterbi1967,
    title = {{Error Bounds for Convolutional Codes and an Asymptotically Optimum Decoding Algorithm}},
    year = {1967},
    journal = {IEEE Transactions on Information Theory},
    author = {Viterbi, Andrew J.},
    number = {2},
    month = {4},
    pages = {260--269},
    volume = {13},
    url = {http://ieeexplore.ieee.org/document/1054010/},
    doi = {10.1109/TIT.1967.1054010},
    issn = {15579654}
}

@article{Bayley2019,
    title = {{Generalized application of the Viterbi algorithm to searches for continuous gravitational-wave signals}},
    year = {2019},
    journal = {Physical Review D},
    author = {Bayley, Joe and Messenger, Chris and Woan, Graham},
    number = {2},
    month = {7},
    pages = {023006},
    volume = {100},
    publisher = {American Physical Society},
    url = {https://link.aps.org/doi/10.1103/PhysRevD.100.023006},
    doi = {10.1103/physrevd.100.023006},
    issn = {2470-0010},
    arxivId = {1903.12614}
}

@article{Lecun1998,
    title = {{Gradient-based learning applied to document recognition}},
    year = {1998},
    journal = {Proceedings of the IEEE},
    author = {LeCun, Yann and Bottou, Léon and Bengio, Yoshua and Haffner, Patrick},
    number = {11},
    pages = {2278--2323},
    volume = {86},
    url = {http://ieeexplore.ieee.org/document/726791/},
    doi = {10.1109/5.726791},
    issn = {00189219},
    keywords = {Convolutional neural networks, Document recognition, Finite state transducers, Gradient-based learning, Graph transformer networks, Machine learning, Neural networks, Optical character recognition (OCR)}
}

@incollection{Prix2009,
    title = {{Gravitational Waves from Spinning Neutron Stars}},
    year = {2009},
    booktitle = {Neutron Stars and Pulsars},
    author = {Prix, Reinhard},
    pages = {651--685},
    publisher = {Springer Berlin Heidelberg},
    url = {http://link.springer.com/10.1007/978-3-540-76965-1_24},
    address = {Berlin, Heidelberg},
    doi = {10.1007/978-3-540-76965-1{\_}24}
}

@article{Abbott2017b,
    title = {{GW170814: A Three-Detector Observation of Gravitational Waves from a Binary Black Hole Coalescence}},
    year = {2017},
    journal = {Physical Review Letters},
    author = {Abbott, B. P. P. and Abbott, R. and Abbott, T. D. D. and Acernese, F. and Ackley, K. and Adams, C. and Adams, T. and Addesso, P. and Adhikari, R. X. X. and Adya, V. B. B. and Affeldt, C. and Afrough, M. and Agarwal, B. and Agathos, M. and Agatsuma, K. and Aggarwal, N. and Aguiar, O. D. D. and Aiello, L. and Ain, A. and Ajith, P. and Allen, B. and Allen, G. and Allocca, A. and Altin, P. A. A. and Amato, A. and Ananyeva, A. and Anderson, S. B. B. and Anderson, W. G. G. and Angelova, S. V. V. and Antier, S. and Appert, S. and Arai, K. and Araya, M. C. C. and Areeda, J. S. S. and Arnaud, N. and Arun, K. G. G. and Ascenzi, S. and Ashton, G. and Ast, M. and Aston, S. M. M. and Astone, P. and Atallah, D. V. V. and Aufmuth, P. and Aulbert, C. and Aultoneal, K. and Austin, C. and Avila-Alvarez, A. and Babak, S. and Bacon, P. and Bader, M. K. M. K.M. and Bae, S. and Baker, P. T. T. and Baldaccini, F. and Ballardin, G. and Ballmer, S. W. W. and Banagiri, S. and Barayoga, J. C. C. and Barclay, S. E. E. and Barish, B. C. C. and Barker, D. and Barkett, K. and Barone, F. and Barr, B. and Barsotti, L. and Barsuglia, M. and Barta, D. and Barthelmy, S. D. D. and Bartlett, J. and Bartos, I. and Bassiri, R. and Basti, A. and Batch, J. C. C. and Bawaj, M. and Bayley, J. C. C. and Bazzan, M. and B{\'{e}}csy, B. and Beer, C. and Bejger, M. and Belahcene, I. and Bell, A. S. S. and Berger, B. K. K. and Bergmann, G. and Bero, J. J. J. and Berry, C. P. L. P.L. and Bersanetti, D. and Bertolini, A. and Betzwieser, J. and Bhagwat, S. and Bhandare, R. and Bilenko, I. A. A. and Billingsley, G. and Billman, C. R. R. and Birch, J. and Birney, R. and Birnholtz, O. and Biscans, S. and Biscoveanu, S. and Bisht, A. and Bitossi, M. and Biwer, C. and Bizouard, M. A. A. and Blackburn, J. K. K. and Blackman, J. and Blair, C. D. D. and Blair, D. G. G. and Blair, R. M. M. and Bloemen, S. and Bock, O. and Bode, N. and Boer, M. and Bogaert, G. and Bohe, A. and Bondu, F. and Bonilla, E. and Bonnand, R. and Boom, B. A. A. and Bork, R. and Boschi, V. and Bose, S. and Bossie, K. and Bouffanais, Y. and Bozzi, A. and Bradaschia, C. and Brady, P. R. R. and Branchesi, M. and Brau, J. E. E. and Briant, T. and Brillet, A. and Brinkmann, M. and Brisson, V. and Brockill, P. and Broida, J. E. E. and Brooks, A. F. F. and Brown, D. D. D. A. A. and Brown, D. D. D. A. A. and Brunett, S. and Buchanan, C. C. C. and Buikema, A. and Bulik, T. and Bulten, H. J. J. and Buonanno, A. and Buskulic, D. and Buy, C. and Byer, R. L. L. and Cabero, M. and Cadonati, L. and Cagnoli, G. and Cahillane, C. and Calder{\'{o}}n Bustillo, J. and Callister, T. A. A. and Calloni, E. and Camp, J. B. B. and Canepa, M. and Canizares, P. and Cannon, K. C. C. and Cao, H. and Cao, J. and Capano, C. D. D. and Capocasa, E. and Carbognani, F. and Caride, S. and Carney, M. F. F. and Casanueva Diaz, J. and Casentini, C. and Caudill, S. and Cavagli{\`{a}}, M. and Cavalier, F. and Cavalieri, R. and Cella, G. and Cepeda, C. B. B. and Cerd{\'{a}}-Dur{\'{a}}n, P. and Cerretani, G. and Cesarini, E. and Chamberlin, S. J. J. and Chan, M. and Chao, S. and Charlton, P. and Chase, E. and Chassande-Mottin, E. and Chatterjee, D. and Chatziioannou, K. and Cheeseboro, B. D. D. and Chen, H. Y. Y. and Chen, X. and Chen, Y. and Cheng, H.-P. P. and Chia, H. and Chincarini, A. and Chiummo, A. and Chmiel, T. and Cho, H. S. S. and Cho, M. and Chow, J. H. H. and Christensen, N. and Chu, Q. and Chua, A. J. K. J.K. and Chua, S. and Chung, A. K. W. K.W. and Chung, S. and Ciani, G. and Ciolfi, R. and Cirelli, C. E. E. and Cirone, A. and Clara, F. and Clark, J. A. A. and Clearwater, P. and Cleva, F. and Cocchieri, C. and Coccia, E. and Cohadon, P.-F. F. and Cohen, D. and Colla, A. and Collette, C. G. G. and Cominsky, L. R. R. and Constancio, M. and Conti, L. and Cooper, S. J. J. and Corban, P. and Corbitt, T. R. R. and Cordero-Carri{\'{o}}n, I. and Corley, K. R. R. and Cornish, N. and Corsi, A. and Cortese, S. and Costa, C. A. A. and Coughlin, M. W. W. and Coughlin, S. B. B. and Coulon, J.-P. P. and Countryman, S. T. T. and Couvares, P. and Covas, P. B. B. and Cowan, E. E. E. and Coward, D. M. M. and Cowart, M. J. J. and Coyne, D. C. C. and Coyne, R. and Creighton, J. D. E. D.E. and Creighton, T. D. D. and Cripe, J. and Crowder, S. G. G. and Cullen, T. J. J. and Cumming, A. and Cunningham, L. and Cuoco, E. and Dal Canton, T. and D{\'{a}}lya, G. and Danilishin, S. L. L. and D’Antonio, S. and Danzmann, K. and Dasgupta, A. and Da Silva Costa, C. F. F. and Dattilo, V. and Dave, I. and Davier, M. and Davis, D. and Daw, E. J. J. and Day, B. and De, S. and DeBra, D. and Degallaix, J. and De Laurentis, M. and Del{\'{e}}glise, S. and Del Pozzo, W. and Demos, N. and Denker, T. and Dent, T. and De Pietri, R. and Dergachev, V. and De Rosa, R. and DeRosa, R. T. T. and De Rossi, C. and Desalvo, R. and de Varona, O. and Devenson, J. and Dhurandhar, S. and D{\'{i}}az, M. C. C. and Di Fiore, L. and Di Giovanni, M. and Di Girolamo, T. and Di Lieto, A. and Di Pace, S. and Di Palma, I. and Di Renzo, F. and Doctor, Z. and Dolique, V. and Donovan, F. and Dooley, K. L. L. and Doravari, S. and Dorrington, I. and Douglas, R. and Dovale {\'{A}}lvarez, M. and Downes, T. P. P. and Drago, M. and Dreissigacker, C. and Driggers, J. C. C. and Du, Z. and Ducrot, M. and Dupej, P. and Dwyer, S. E. E. and Edo, T. B. B. and Edwards, M. C. C. and Effler, A. and Eggenstein, H.-B. B. and Ehrens, P. and Eichholz, J. and Eikenberry, S. S. S. and Eisenstein, R. A. A. and Essick, R. C. C. and Estevez, D. and Etienne, Z. B. B. and Etzel, T. and Evans, M. and Evans, T. M. M. and Factourovich, M. and Fafone, V. and Fair, H. and Fairhurst, S. and Fan, X. and Farinon, S. and Farr, B. and Farr, W. M. M. and Fauchon-Jones, E. J. J. and Favata, M. and Fays, M. and Fee, C. and Fehrmann, H. and Feicht, J. and Fejer, M. M. M. and Fernandez-Galiana, A. and Ferrante, I. and Ferreira, E. C. C. and Ferrini, F. and Fidecaro, F. and Finstad, D. and Fiori, I. and Fiorucci, D. and Fishbach, M. and Fisher, R. P. P. and Fitz-Axen, M. and Flaminio, R. and Fletcher, M. and Fong, H. and Font, J. A. A. and Forsyth, P. W. F. W.F. and Forsyth, S. S. S. and Fournier, J.-D. D. and Frasca, S. and Frasconi, F. and Frei, Z. and Freise, A. and Frey, R. and Frey, V. and Fries, E. M. M. and Fritschel, P. and Frolov, V. V. V. and Fulda, P. and Fyffe, M. and Gabbard, H. and Gadre, B. U. U. and Gaebel, S. M. M. and Gair, J. R. R. and Gammaitoni, L. and Ganija, M. R. R. and Gaonkar, S. G. G. and Garcia-Quiros, C. and Garufi, F. and Gateley, B. and Gaudio, S. and Gaur, G. and Gayathri, V. and Gehrels, N. and Gemme, G. and Genin, E. and Gennai, A. and George, D. and George, J. and Gergely, L. and Germain, V. and Ghonge, S. and Ghosh, Abhirup Archisman and Ghosh, Abhirup Archisman and Ghosh, S. and Giaime, J. A. A. and Giardina, K. D. D. and Giazotto, A. and Gill, K. and Glover, L. and Goetz, E. and Goetz, R. and Gomes, S. and Goncharov, B. and Gonz{\'{a}}lez, G. and Gonzalez Castro, J. M. and Gopakumar, A. and Gorodetsky, M. L. L. and Gossan, S. E. E. and Gosselin, M. and Gouaty, R. and Grado, A. and Graef, C. and Granata, M. and Grant, A. and Gras, S. and Gray, C. and Greco, G. and Green, A. C. C. and Gretarsson, E. M. M. and Groot, P. and Grote, H. and Grunewald, S. and Gruning, P. and Guidi, G. M. M. and Guo, X. and Gupta, A. and Gupta, M. K. K. and Gushwa, K. E. E. and Gustafson, E. K. K. and Gustafson, R. and Halim, O. and Hall, B. R. R. and Hall, E. D. D. and Hamilton, E. Z. Z. and Hammond, G. and Haney, M. and Hanke, M. M. M. and Hanks, J. and Hanna, C. and Hannam, M. D. D. and Hannuksela, O. A. A. and Hanson, J. and Hardwick, T. and Harms, J. and Harry, G. M. M. and Harry, I. W. W. and Hart, M. J. J. and Haster, C.-J. J. and Haughian, K. and Healy, J. and Heidmann, A. and Heintze, M. C. C. and Heitmann, H. and Hello, P. and Hemming, G. and Hendry, M. and Heng, I. S. S. and Hennig, J. and Heptonstall, A. W. W. and Heurs, M. and Hild, S. and Hinderer, T. and Hoak, D. and Hofman, D. and Holt, K. and Holz, D. E. E. and Hopkins, P. and Horst, C. and Hough, J. and Houston, E. A. A. and Howell, E. J. J. and Hu, Y. M. M. and Huerta, E. A. A. and Huet, D. and Hughey, B. and Husa, S. and Huttner, S. H. H. and Huynh-Dinh, T. and Indik, N. and Inta, R. and Intini, G. and Isa, H. N. N. and Isac, J.-M. M. and Isi, M. and Iyer, B. R. R. and Izumi, K. and Jacqmin, T. and Jani, K. and Jaranowski, P. and Jawahar, S. and Jim{\'{e}}nez-Forteza, F. and Johnson, W. W. W. and Johnson-McDaniel, N. K. K. and Jones, D. I. I. and Jones, R. and Jonker, R. J. G. J.G. and Ju, L. and Junker, J. and Kalaghatgi, C. V. V. and Kalogera, V. and Kamai, B. and Kandhasamy, S. and Kang, G. and Kanner, J. B. B. and Kapadia, S. J. J. and Karki, S. and Karvinen, K. S. S. and Kasprzack, M. and Katolik, M. and Katsavounidis, E. and Katzman, W. and Kaufer, S. and Kawabe, K. and K{\'{e}}f{\'{e}}lian, F. and Keitel, D. and Kemball, A. J. J. and Kennedy, R. and Kent, C. and Key, J. S. S. and Khalili, F. Y. Y. and Khan, I. and Khan, S. and Khan, Z. and Khazanov, E. A. A. and Kijbunchoo, N. and Kim, Chunglee and Kim, J. C. C. and Kim, K. and Kim, W. S. S. and Kim, W. S. S. and Kim, Y.-M. M. and Kimbrell, S. J. J. and King, E. J. J. and King, P. J. J. and Kinley-Hanlon, M. and Kirchhoff, R. and Kissel, J. S. S. and Kleybolte, L. and Klimenko, S. and Knowles, T. D. D. and Koch, P. and Koehlenbeck, S. M. M. and Koley, S. and Kondrashov, V. and Kontos, A. and Korobko, M. and Korth, W. Z. Z. and Kowalska, I. and Kozak, D. B. B. and Kr{\"{a}}mer, C. and Kringel, V. and Krishnan, B. and Kr{\'{o}}lak, A. and Kuehn, G. and Kumar, P. and Kumar, R. and Kumar, S. and Kuo, L. and Kutynia, A. and Kwang, S. and Lackey, B. D. D. and Lai, K. H. H. and Landry, M. and Lang, R. N. N. and Lange, J. and Lantz, B. and Lanza, R. K. K. and Lartaux-Vollard, A. and Lasky, P. D. D. and Laxen, M. and Lazzarini, A. and Lazzaro, C. and Leaci, P. and Leavey, S. and Lee, C. H. H. and Lee, H. M. K. H. W. H. K. W. M. and Lee, H. M. K. H. W. H. K. W. M. and Lee, H. M. K. H. W. H. K. W. M. and Lee, K. and Lehmann, J. and Lenon, A. and Leonardi, M. and Leroy, N. and Letendre, N. and Levin, Y. and Li, T. G. F. G.F. and Linker, S. D. D. and Littenberg, T. B. B. and Liu, J. and Lo, R. K. L. K.L. and Lockerbie, N. A. A. and London, L. T. T. and Lord, J. E. E. and Lorenzini, M. and Loriette, V. and Lormand, M. and Losurdo, G. and Lough, J. D. D. and Lousto, C. O. O. and Lovelace, G. and L{\"{u}}ck, H. and Lumaca, D. and Lundgren, A. P. P. and Lynch, R. and Ma, Y. and Macas, R. and Macfoy, S. and Machenschalk, B. and MacInnis, M. and Macleod, D. M. M. and Maga{\~{n}}a Hernandez, I. and Maga{\~{n}}a-Sandoval, F. and Maga{\~{n}}a Zertuche, L. and Magee, R. M. M. and Majorana, E. and Maksimovic, I. and Man, N. and Mandic, V. and Mangano, V. and Mansell, G. L. L. and Manske, M. and Mantovani, M. and Marchesoni, F. and Marion, F. and M{\'{a}}rka, S. and M{\'{a}}rka, Z. and Markakis, C. and Markosyan, A. S. S. and Markowitz, A. and Maros, E. and Marquina, A. and Marsh, P. and Martelli, F. and Martellini, L. and Martin, I. W. W. and Martin, R. M. M. and Martynov, D. V. V. and Mason, K. and Massera, E. and Masserot, A. and Massinger, T. J. J. and Masso-Reid, M. and Mastrogiovanni, S. and Matas, A. and Matichard, F. and Matone, L. and Mavalvala, N. and Mazumder, N. and McCarthy, R. and McClelland, D. E. E. and McCormick, S. and McCuller, L. and McGuire, S. C. C. and McIntyre, G. and McIver, J. and McManus, D. J. J. and McNeill, L. and McRae, T. and McWilliams, S. T. T. and Meacher, D. and Meadors, G. D. D. and Mehmet, M. and Meidam, J. and Mejuto-Villa, E. and Melatos, A. and Mendell, G. and Mercer, R. A. A. and Merilh, E. L. L. and Merzougui, M. and Meshkov, S. and Messenger, C. and Messick, C. and Metzdorff, R. and Meyers, P. M. M. and Miao, H. and Michel, C. and Middleton, H. and Mikhailov, E. E. E. and Milano, L. and Miller, A. L. L. and Miller, B. B. B. and Miller, J. and Millhouse, M. and Milovich-Goff, M. C. C. and Minazzoli, O. and Minenkov, Y. and Ming, J. and Mishra, C. and Mitra, S. and Mitrofanov, V. P. P. and Mitselmakher, G. and Mittleman, R. and Moffa, D. and Moggi, A. and Mogushi, K. and Mohan, M. and Mohapatra, S. R. P. R.P. and Montani, M. and Moore, C. J. J. and Moraru, D. and Moreno, G. and Morisaki, S. and Morriss, S. R. R. and Mours, B. and Mow-Lowry, C. M. M. and Mueller, G. and Muir, A. W. W. and Mukherjee, A. and Mukherjee, D. and Mukherjee, S. and Mukund, N. and Mullavey, A. and Munch, J. and Mu{\~{n}}iz, E. A. A. and Muratore, M. and Murray, P. G. G. and Napier, K. and Nardecchia, I. and Naticchioni, L. and Nayak, R. K. K. and Neilson, J. and Nelemans, G. and Nelson, T. J. N. J.N. and Nery, M. and Neunzert, A. and Nevin, L. and Newport, J. M. M. and Newton, G. and Ng, K. K. Y. K.Y. and Nguyen, T. T. T. and Nichols, D. and Nielsen, A. B. B. and Nissanke, S. and Nitz, A. and Noack, A. and Nocera, F. and Nolting, D. and North, C. and Nuttall, L. K. K. and Oberling, J. and O’Dea, G. D. and Ogin, G. H. H. and Oh, J. J. J. and Oh, S. H. H. and Ohme, F. and Okada, M. A. A. and Oliver, M. and Oppermann, P. and Oram, R. J. J. and O’Reilly, B. and Ormiston, R. and Ortega, L. F. F. and O’Shaughnessy, R. and Ossokine, S. and Ottaway, D. J. J. and Overmier, H. and Owen, B. J. J. and Pace, A. E. E. and Page, J. and Page, M. A. A. and Pai, A. and Pai, S. A. A. and Palamos, J. R. R. and Palashov, O. and Palomba, C. and Pal-Singh, A. and Pan, Huang-Wei Wei Howard and Pan, Huang-Wei Wei Howard and Pang, B. and Pang, P. T. H. T.H. and Pankow, C. and Pannarale, F. and Pant, B. C. C. and Paoletti, F. and Paoli, A. and Papa, M. A. A. and Parida, A. and Parker, W. and Pascucci, D. and Pasqualetti, A. and Passaquieti, R. and Passuello, D. and Patil, M. and Patricelli, B. and Pearlstone, B. L. L. and Pedraza, M. and Pedurand, R. and Pekowsky, L. and Pele, A. and Penn, S. and Perez, C. J. J. and Perreca, A. and Perri, L. M. M. and Pfeiffer, H. P. P. and Phelps, M. and Piccinni, O. J. J. and Pichot, M. and Piergiovanni, F. and Pierro, V. and Pillant, G. and Pinard, L. and Pinto, I. M. M. and Pirello, M. and Pitkin, M. and Poe, M. and Poggiani, R. and Popolizio, P. and Porter, E. K. K. and Post, A. and Powell, J. and Prasad, J. and Pratt, J. W. W. W.W. and Pratten, G. and Predoi, V. and Prestegard, T. and Prijatelj, M. and Principe, M. and Privitera, S. and Prix, R. and Prodi, G. A. A. and Prokhorov, L. G. G. and Puncken, O. and Punturo, M. and Puppo, P. and P{\"{u}}rrer, M. and Qi, H. and Quetschke, V. and Quintero, E. A. A. and Quitzow-James, R. and Raab, F. J. J. and Rabeling, D. S. S. and Radkins, H. and Raffai, P. and Raja, S. and Rajan, C. and Rajbhandari, B. and Rakhmanov, M. and Ramirez, K. E. E. and Ramos-Buades, A. and Rapagnani, P. and Raymond, V. and Razzano, M. and Read, J. and Regimbau, T. and Rei, L. and Reid, S. and Reitze, D. H. H. and Ren, W. and Reyes, S. D. D. and Ricci, F. and Ricker, P. M. M. and Rieger, S. and Riles, K. and Rizzo, M. and Robertson, N. A. A. and Robie, R. and Robinet, F. and Rocchi, A. and Rolland, L. and Rollins, J. G. G. and Roma, V. J. J. and Romano, J. D. D. and Romano, R. and Romel, C. L. L. and Romie, J. H. H. and Rosi{\'{n}}ska, D. and Ross, M. P. P. and Rowan, S. and R{\"{u}}diger, A. and Ruggi, P. and Rutins, G. and Ryan, K. and Sachdev, S. and Sadecki, T. and Sadeghian, L. and Sakellariadou, M. and Salconi, L. and Saleem, M. and Salemi, F. and Samajdar, A. and Sammut, L. and Sampson, L. M. M. and Sanchez, E. J. J. and Sanchez, L. E. E. and Sanchis-Gual, N. and Sandberg, V. and Sanders, J. R. R. and Sassolas, B. and Sathyaprakash, B. S. S. and Saulson, P. R. R. and Sauter, O. and Savage, R. L. L. and Sawadsky, A. and Schale, P. and Scheel, M. and Scheuer, J. and Schmidt, J. and Schmidt, P. and Schnabel, R. and Schofield, R. M. S. M.S. and Sch{\"{o}}nbeck, A. and Schreiber, E. and Schuette, D. and Schulte, B. W. W. and Schutz, B. F. F. and Schwalbe, S. G. G. and Scott, J. and Scott, S. M. M. and Seidel, E. and Sellers, D. and Sengupta, A. S. S. and Sentenac, D. and Sequino, V. and Sergeev, A. and Shaddock, D. A. A. and Shaffer, T. J. J. and Shah, A. A. A. and Shahriar, M. S. S. and Shaner, M. B. B. and Shao, L. and Shapiro, B. and Shawhan, P. and Sheperd, A. and Shoemaker, D. H. M. D. M. H. and Shoemaker, D. H. M. D. M. H. and Siellez, K. and Siemens, X. and Sieniawska, M. and Sigg, D. and Silva, A. D. D. and Singer, L. P. P. and Singh, A. and Singhal, A. and Sintes, A. M. M. and Slagmolen, B. J. J. J.J. and Smith, B. and Smith, J. R. R. and Smith, R. J. E. J.E. and Somala, S. and Son, E. J. J. and Sonnenberg, J. A. A. and Sorazu, B. and Sorrentino, F. and Souradeep, T. and Spencer, A. P. P. and Srivastava, A. K. K. and Staats, K. and Staley, A. and Steinke, M. and Steinlechner, J. and Steinlechner, S. and Steinmeyer, D. and Stevenson, S. P. P. and Stone, R. and Stops, D. J. J. and Strain, K. A. A. and Stratta, G. and Strigin, S. E. E. and Strunk, A. and Sturani, R. and Stuver, A. L. L. and Summerscales, T. Z. Z. and Sun, L. and Sunil, S. and Suresh, J. and Sutton, P. J. J. and Swinkels, B. L. L. and Szczepa{\'{n}}czyk, M. J. J. and Tacca, M. and Tait, S. C. C. and Talbot, C. and Talukder, D. and Tanner, D. B. B. and T{\'{a}}pai, M. and Taracchini, A. and Tasson, J. D. D. and Taylor, J. A. A. and Taylor, R. and Tewari, S. V. V. and Theeg, T. and Thies, F. and Thomas, E. G. G. and Thomas, M. and Thomas, P. and Thorne, K. A. A. and Thrane, E. and Tiwari, S. and Tiwari, V. and Tokmakov, K. V. V. and Toland, K. and Tonelli, M. and Tornasi, Z. and Torres-Forn{\'{e}}, A. and Torrie, C. I. I. and T{\"{o}}yr{\"{a}}, D. and Travasso, F. and Traylor, G. and Trinastic, J. and Tringali, M. C. C. and Trozzo, L. and Tsang, K. W. W. and Tse, M. and Tso, R. and Tsukada, L. and Tsuna, D. and Tuyenbayev, D. and Ueno, K. and Ugolini, D. and Unnikrishnan, C. S. S. and Urban, A. L. L. and Usman, S. A. A. and Vahlbruch, H. and Vajente, G. and Valdes, G. and Vallisneri, M. and van Bakel, N. and Van Beuzekom, M. and van den Brand, J. F. J. F.J. and Van Den Broeck, C. and Vander-Hyde, D. C. C. and van der Schaaf, L. and Van Heijningen, J. V. V. and Van Veggel, A. A. A. and Vardaro, M. and Varma, V. and Vass, S. and Vas{\'{u}}th, M. and Vecchio, A. and Vedovato, G. and Veitch, J. and Veitch, P. J. J. and Venkateswara, K. and Venugopalan, G. and Verkindt, D. and Vetrano, F. and Vicer{\'{e}}, A. and Viets, A. D. D. and Vinciguerra, S. and Vine, D. J. J. and Vinet, J.-Y. Y. and Vitale, S. and Vo, T. and Vocca, H. and Vorvick, C. and Vyatchanin, S. P. P. and Wade, A. R. R. and Wade, L. E. E. and Wade, M. and Walet, R. and Walker, M. and Wallace, L. and Walsh, S. and Wang, G. and Wang, H. and Wang, J. Z. Z. and Wang, W. H. H. and Wang, Y. F. F. and Ward, R. L. L. and Warner, J. and Was, M. and Watchi, J. and Weaver, B. and Wei, L.-W. W. and Weinert, M. and Weinstein, A. J. J. and Weiss, R. and Wen, L. and Wessel, E. K. K. and We{\ss}els, P. and Westerweck, J. and Westphal, T. and Wette, K. and Whelan, J. T. T. and Whitcomb, S. E. E. and Whiting, B. F. F. and Whittle, C. and Wilken, D. and Williams, D. and Williams, R. D. D. and Williamson, A. R. R. and Willis, J. L. L. and Willke, B. and Wimmer, M. H. H. and Winkler, W. and Wipf, C. C. C. and Wittel, H. and Woan, G. and Woehler, J. and Wofford, J. and Wong, K. W. K. W.K. and Worden, J. and Wright, J. L. L. and Wu, D. S. S. and Wysocki, D. M. M. and Xiao, S. and Yamamoto, H. and Yancey, C. C. C. and Yang, L. and Yap, M. J. J. and Yazback, M. and Yu, Hang Haocun Hang and Yu, Hang Haocun Hang and Yvert, M. and Zadro{\.{z}}ny, A. and Zanolin, M. and Zelenova, T. and Zendri, J.-P. P. and Zevin, M. and Zhang, L. and Zhang, M. and Zhang, T. and Zhang, Y.-H. H. and Zhao, C. and Zhou, M. and Zhou, Z. and Zhu, S. J. J. and Zhu, X. J. J. and Zimmerman, A. B. B. and Zucker, M. E. E. and Zweizig, J. and D'Antonio, S. and Danzmann, K. and Dasgupta, A. and Da Silva Costa, C. F. F. and Dattilo, V. and Dave, I. and Davier, M. and Davis, D. and Daw, E. J. J. and Day, B. and De, S. and DeBra, D. and Degallaix, J. and De Laurentis, M. and Del{\'{e}}glise, S. and Del Pozzo, W. and Demos, N. and Denker, T. and Dent, T. and De Pietri, R. and Dergachev, V. and De Rosa, R. and DeRosa, R. T. T. and De Rossi, C. and Desalvo, R. and de Varona, O. and Devenson, J. and Dhurandhar, S. and D{\'{i}}az, M. C. C. and Di Fiore, L. and Di Giovanni, M. and Di Girolamo, T. and Di Lieto, A. and Di Pace, S. and Di Palma, I. and Di Renzo, F. and Doctor, Z. and Dolique, V. and Donovan, F. and Dooley, K. L. L. and Doravari, S. and Dorrington, I. and Douglas, R. and Dovale {\'{A}}lvarez, M. and Downes, T. P. P. and Drago, M. and Dreissigacker, C. and Driggers, J. C. C. and Du, Z. and Ducrot, M. and Dupej, P. and Dwyer, S. E. E. and Edo, T. B. B. and Edwards, M. C. C. and Effler, A. and Eggenstein, H.-B. B. and Ehrens, P. and Eichholz, J. and Eikenberry, S. S. S. and Eisenstein, R. A. A. and Essick, R. C. C. and Estevez, D. and Etienne, Z. B. B. and Etzel, T. and Evans, M. and Evans, T. M. M. and Factourovich, M. and Fafone, V. and Fair, H. and Fairhurst, S. and Fan, X. and Farinon, S. and Farr, B. and Farr, W. M. M. and Fauchon-Jones, E. J. J. and Favata, M. and Fays, M. and Fee, C. and Fehrmann, H. and Feicht, J. and Fejer, M. M. M. and Fernandez-Galiana, A. and Ferrante, I. and Ferreira, E. C. C. and Ferrini, F. and Fidecaro, F. and Finstad, D. and Fiori, I. and Fiorucci, D. and Fishbach, M. and Fisher, R. P. P. and Fitz-Axen, M. and Flaminio, R. and Fletcher, M. and Fong, H. and Font, J. A. A. and Forsyth, P. W. F. W.F. and Forsyth, S. S. S. and Fournier, J.-D. D. and Frasca, S. and Frasconi, F. and Frei, Z. and Freise, A. and Frey, R. and Frey, V. and Fries, E. M. M. and Fritschel, P. and Frolov, V. V. V. and Fulda, P. and Fyffe, M. and Gabbard, H. and Gadre, B. U. U. and Gaebel, S. M. M. and Gair, J. R. R. and Gammaitoni, L. and Ganija, M. R. R. and Gaonkar, S. G. G. and Garcia-Quiros, C. and Garufi, F. and Gateley, B. and Gaudio, S. and Gaur, G. and Gayathri, V. and Gehrels, N. and Gemme, G. and Genin, E. and Gennai, A. and George, D. and George, J. and Gergely, L. and Germain, V. and Ghonge, S. and Ghosh, Abhirup Archisman and Ghosh, Abhirup Archisman and Ghosh, S. and Giaime, J. A. A. and Giardina, K. D. D. and Giazotto, A. and Gill, K. and Glover, L. and Goetz, E. and Goetz, R. and Gomes, S. and Goncharov, B. and Gonz{\'{a}}lez, G. and Gonzalez Castro, J. M. and Gopakumar, A. and Gorodetsky, M. L. L. and Gossan, S. E. E. and Gosselin, M. and Gouaty, R. and Grado, A. and Graef, C. and Granata, M. and Grant, A. and Gras, S. and Gray, C. and Greco, G. and Green, A. C. C. and Gretarsson, E. M. M. and Groot, P. and Grote, H. and Grunewald, S. and Gruning, P. and Guidi, G. M. M. and Guo, X. and Gupta, A. and Gupta, M. K. K. and Gushwa, K. E. E. and Gustafson, E. K. K. and Gustafson, R. and Halim, O. and Hall, B. R. R. and Hall, E. D. D. and Hamilton, E. Z. Z. and Hammond, G. and Haney, M. and Hanke, M. M. M. and Hanks, J. and Hanna, C. and Hannam, M. D. D. and Hannuksela, O. A. A. and Hanson, J. and Hardwick, T. and Harms, J. and Harry, G. M. M. and Harry, I. W. W. and Hart, M. J. J. and Haster, C.-J. J. and Haughian, K. and Healy, J. and Heidmann, A. and Heintze, M. C. C. and Heitmann, H. and Hello, P. and Hemming, G. and Hendry, M. and Heng, I. S. S. and Hennig, J. and Heptonstall, A. W. W. and Heurs, M. and Hild, S. and Hinderer, T. and Hoak, D. and Hofman, D. and Holt, K. and Holz, D. E. E. and Hopkins, P. and Horst, C. and Hough, J. and Houston, E. A. A. and Howell, E. J. J. and Hu, Y. M. M. and Huerta, E. A. A. and Huet, D. and Hughey, B. and Husa, S. and Huttner, S. H. H. and Huynh-Dinh, T. and Indik, N. and Inta, R. and Intini, G. and Isa, H. N. N. and Isac, J.-M. M. and Isi, M. and Iyer, B. R. R. and Izumi, K. and Jacqmin, T. and Jani, K. and Jaranowski, P. and Jawahar, S. and Jim{\'{e}}nez-Forteza, F. and Johnson, W. W. W. and Johnson-McDaniel, N. K. K. and Jones, D. I. I. and Jones, R. and Jonker, R. J. G. J.G. and Ju, L. and Junker, J. and Kalaghatgi, C. V. V. and Kalogera, V. and Kamai, B. and Kandhasamy, S. and Kang, G. and Kanner, J. B. B. and Kapadia, S. J. J. and Karki, S. and Karvinen, K. S. S. and Kasprzack, M. and Katolik, M. and Katsavounidis, E. and Katzman, W. and Kaufer, S. and Kawabe, K. and K{\'{e}}f{\'{e}}lian, F. and Keitel, D. and Kemball, A. J. J. and Kennedy, R. and Kent, C. and Key, J. S. S. and Khalili, F. Y. Y. and Khan, I. and Khan, S. and Khan, Z. and Khazanov, E. A. A. and Kijbunchoo, N. and Kim, Chunglee and Kim, J. C. C. and Kim, K. and Kim, W. S. S. and Kim, W. S. S. and Kim, Y.-M. M. and Kimbrell, S. J. J. and King, E. J. J. and King, P. J. J. and Kinley-Hanlon, M. and Kirchhoff, R. and Kissel, J. S. S. and Kleybolte, L. and Klimenko, S. and Knowles, T. D. D. and Koch, P. and Koehlenbeck, S. M. M. and Koley, S. and Kondrashov, V. and Kontos, A. and Korobko, M. and Korth, W. Z. Z. and Kowalska, I. and Kozak, D. B. B. and Kr{\"{a}}mer, C. and Kringel, V. and Krishnan, B. and Kr{\'{o}}lak, A. and Kuehn, G. and Kumar, P. and Kumar, R. and Kumar, S. and Kuo, L. and Kutynia, A. and Kwang, S. and Lackey, B. D. D. and Lai, K. H. H. and Landry, M. and Lang, R. N. N. and Lange, J. and Lantz, B. and Lanza, R. K. K. and Lartaux-Vollard, A. and Lasky, P. D. D. and Laxen, M. and Lazzarini, A. and Lazzaro, C. and Leaci, P. and Leavey, S. and Lee, C. H. H. and Lee, H. M. K. H. W. H. K. W. M. and Lee, H. M. K. H. W. H. K. W. M. and Lee, H. M. K. H. W. H. K. W. M. and Lee, K. and Lehmann, J. and Lenon, A. and Leonardi, M. and Leroy, N. and Letendre, N. and Levin, Y. and Li, T. G. F. G.F. and Linker, S. D. D. and Littenberg, T. B. B. and Liu, J. and Lo, R. K. L. K.L. and Lockerbie, N. A. A. and London, L. T. T. and Lord, J. E. E. and Lorenzini, M. and Loriette, V. and Lormand, M. and Losurdo, G. and Lough, J. D. D. and Lousto, C. O. O. and Lovelace, G. and L{\"{u}}ck, H. and Lumaca, D. and Lundgren, A. P. P. and Lynch, R. and Ma, Y. and Macas, R. and Macfoy, S. and Machenschalk, B. and MacInnis, M. and Macleod, D. M. M. and Maga{\~{n}}a Hernandez, I. and Maga{\~{n}}a-Sandoval, F. and Maga{\~{n}}a Zertuche, L. and Magee, R. M. M. and Majorana, E. and Maksimovic, I. and Man, N. and Mandic, V. and Mangano, V. and Mansell, G. L. L. and Manske, M. and Mantovani, M. and Marchesoni, F. and Marion, F. and M{\'{a}}rka, S. and M{\'{a}}rka, Z. and Markakis, C. and Markosyan, A. S. S. and Markowitz, A. and Maros, E. and Marquina, A. and Marsh, P. and Martelli, F. and Martellini, L. and Martin, I. W. W. and Martin, R. M. M. and Martynov, D. V. V. and Mason, K. and Massera, E. and Masserot, A. and Massinger, T. J. J. and Masso-Reid, M. and Mastrogiovanni, S. and Matas, A. and Matichard, F. and Matone, L. and Mavalvala, N. and Mazumder, N. and McCarthy, R. and McClelland, D. E. E. and McCormick, S. and McCuller, L. and McGuire, S. C. C. and McIntyre, G. and McIver, J. and McManus, D. J. J. and McNeill, L. and McRae, T. and McWilliams, S. T. T. and Meacher, D. and Meadors, G. D. D. and Mehmet, M. and Meidam, J. and Mejuto-Villa, E. and Melatos, A. and Mendell, G. and Mercer, R. A. A. and Merilh, E. L. L. and Merzougui, M. and Meshkov, S. and Messenger, C. and Messick, C. and Metzdorff, R. and Meyers, P. M. M. and Miao, H. and Michel, C. and Middleton, H. and Mikhailov, E. E. E. and Milano, L. and Miller, A. L. L. and Miller, B. B. B. and Miller, J. and Millhouse, M. and Milovich-Goff, M. C. C. and Minazzoli, O. and Minenkov, Y. and Ming, J. and Mishra, C. and Mitra, S. and Mitrofanov, V. P. P. and Mitselmakher, G. and Mittleman, R. and Moffa, D. and Moggi, A. and Mogushi, K. and Mohan, M. and Mohapatra, S. R. P. R.P. and Montani, M. and Moore, C. J. J. and Moraru, D. and Moreno, G. and Morisaki, S. and Morriss, S. R. R. and Mours, B. and Mow-Lowry, C. M. M. and Mueller, G. and Muir, A. W. W. and Mukherjee, A. and Mukherjee, D. and Mukherjee, S. and Mukund, N. and Mullavey, A. and Munch, J. and Mu{\~{n}}iz, E. A. A. and Muratore, M. and Murray, P. G. G. and Napier, K. and Nardecchia, I. and Naticchioni, L. and Nayak, R. K. K. and Neilson, J. and Nelemans, G. and Nelson, T. J. N. J.N. and Nery, M. and Neunzert, A. and Nevin, L. and Newport, J. M. M. and Newton, G. and Ng, K. K. Y. K.Y. and Nguyen, T. T. T. and Nichols, D. and Nielsen, A. B. B. and Nissanke, S. and Nitz, A. and Noack, A. and Nocera, F. and Nolting, D. and North, C. and Nuttall, L. K. K. and Oberling, J. and O'Dea, G. D. and Ogin, G. H. H. and Oh, J. J. J. and Oh, S. H. H. and Ohme, F. and Okada, M. A. A. and Oliver, M. and Oppermann, P. and Oram, R. J. J. and O'Reilly, B. and Ormiston, R. and Ortega, L. F. F. and O'Shaughnessy, R. and Ossokine, S. and Ottaway, D. J. J. and Overmier, H. and Owen, B. J. J. and Pace, A. E. E. and Page, J. and Page, M. A. A. and Pai, A. and Pai, S. A. A. and Palamos, J. R. R. and Palashov, O. and Palomba, C. and Pal-Singh, A. and Pan, Huang-Wei Wei Howard and Pan, Huang-Wei Wei Howard and Pang, B. and Pang, P. T. H. T.H. and Pankow, C. and Pannarale, F. and Pant, B. C. C. and Paoletti, F. and Paoli, A. and Papa, M. A. A. and Parida, A. and Parker, W. and Pascucci, D. and Pasqualetti, A. and Passaquieti, R. and Passuello, D. and Patil, M. and Patricelli, B. and Pearlstone, B. L. L. and Pedraza, M. and Pedurand, R. and Pekowsky, L. and Pele, A. and Penn, S. and Perez, C. J. J. and Perreca, A. and Perri, L. M. M. and Pfeiffer, H. P. P. and Phelps, M. and Piccinni, O. J. J. and Pichot, M. and Piergiovanni, F. and Pierro, V. and Pillant, G. and Pinard, L. and Pinto, I. M. M. and Pirello, M. and Pitkin, M. and Poe, M. and Poggiani, R. and Popolizio, P. and Porter, E. K. K. and Post, A. and Powell, J. and Prasad, J. and Pratt, J. W. W. W.W. and Pratten, G. and Predoi, V. and Prestegard, T. and Prijatelj, M. and Principe, M. and Privitera, S. and Prix, R. and Prodi, G. A. A. and Prokhorov, L. G. G. and Puncken, O. and Punturo, M. and Puppo, P. and P{\"{u}}rrer, M. and Qi, H. and Quetschke, V. and Quintero, E. A. A. and Quitzow-James, R. and Raab, F. J. J. and Rabeling, D. S. S. and Radkins, H. and Raffai, P. and Raja, S. and Rajan, C. and Rajbhandari, B. and Rakhmanov, M. and Ramirez, K. E. E. and Ramos-Buades, A. and Rapagnani, P. and Raymond, V. and Razzano, M. and Read, J. and Regimbau, T. and Rei, L. and Reid, S. and Reitze, D. H. H. and Ren, W. and Reyes, S. D. D. and Ricci, F. and Ricker, P. M. M. and Rieger, S. and Riles, K. and Rizzo, M. and Robertson, N. A. A. and Robie, R. and Robinet, F. and Rocchi, A. and Rolland, L. and Rollins, J. G. G. and Roma, V. J. J. and Romano, J. D. D. and Romano, R. and Romel, C. L. L. and Romie, J. H. H. and Rosi{\'{n}}ska, D. and Ross, M. P. P. and Rowan, S. and R{\"{u}}diger, A. and Ruggi, P. and Rutins, G. and Ryan, K. and Sachdev, S. and Sadecki, T. and Sadeghian, L. and Sakellariadou, M. and Salconi, L. and Saleem, M. and Salemi, F. and Samajdar, A. and Sammut, L. and Sampson, L. M. M. and Sanchez, E. J. J. and Sanchez, L. E. E. and Sanchis-Gual, N. and Sandberg, V. and Sanders, J. R. R. and Sassolas, B. and Sathyaprakash, B. S. S. and Saulson, P. R. R. and Sauter, O. and Savage, R. L. L. and Sawadsky, A. and Schale, P. and Scheel, M. and Scheuer, J. and Schmidt, J. and Schmidt, P. and Schnabel, R. and Schofield, R. M. S. M.S. and Sch{\"{o}}nbeck, A. and Schreiber, E. and Schuette, D. and Schulte, B. W. W. and Schutz, B. F. F. and Schwalbe, S. G. G. and Scott, J. and Scott, S. M. M. and Seidel, E. and Sellers, D. and Sengupta, A. S. S. and Sentenac, D. and Sequino, V. and Sergeev, A. and Shaddock, D. A. A. and Shaffer, T. J. J. and Shah, A. A. A. and Shahriar, M. S. S. and Shaner, M. B. B. and Shao, L. and Shapiro, B. and Shawhan, P. and Sheperd, A. and Shoemaker, D. H. M. D. M. H. and Shoemaker, D. H. M. D. M. H. and Siellez, K. and Siemens, X. and Sieniawska, M. and Sigg, D. and Silva, A. D. D. and Singer, L. P. P. and Singh, A. and Singhal, A. and Sintes, A. M. M. and Slagmolen, B. J. J. J.J. and Smith, B. and Smith, J. R. R. and Smith, R. J. E. J.E. and Somala, S. and Son, E. J. J. and Sonnenberg, J. A. A. and Sorazu, B. and Sorrentino, F. and Souradeep, T. and Spencer, A. P. P. and Srivastava, A. K. K. and Staats, K. and Staley, A. and Steinke, M. and Steinlechner, J. and Steinlechner, S. and Steinmeyer, D. and Stevenson, S. P. P. and Stone, R. and Stops, D. J. J. and Strain, K. A. A. and Stratta, G. and Strigin, S. E. E. and Strunk, A. and Sturani, R. and Stuver, A. L. L. and Summerscales, T. Z. Z. and Sun, L. and Sunil, S. and Suresh, J. and Sutton, P. J. J. and Swinkels, B. L. L. and Szczepa{\'{n}}czyk, M. J. J. and Tacca, M. and Tait, S. C. C. and Talbot, C. and Talukder, D. and Tanner, D. B. B. and T{\'{a}}pai, M. and Taracchini, A. and Tasson, J. D. D. and Taylor, J. A. A. and Taylor, R. and Tewari, S. V. V. and Theeg, T. and Thies, F. and Thomas, E. G. G. and Thomas, M. and Thomas, P. and Thorne, K. A. A. and Thrane, E. and Tiwari, S. and Tiwari, V. and Tokmakov, K. V. V. and Toland, K. and Tonelli, M. and Tornasi, Z. and Torres-Forn{\'{e}}, A. and Torrie, C. I. I. and T{\"{o}}yr{\"{a}}, D. and Travasso, F. and Traylor, G. and Trinastic, J. and Tringali, M. C. C. and Trozzo, L. and Tsang, K. W. W. and Tse, M. and Tso, R. and Tsukada, L. and Tsuna, D. and Tuyenbayev, D. and Ueno, K. and Ugolini, D. and Unnikrishnan, C. S. S. and Urban, A. L. L. and Usman, S. A. A. and Vahlbruch, H. and Vajente, G. and Valdes, G. and Vallisneri, M. and van Bakel, N. and Van Beuzekom, M. and van den Brand, J. F. J. F.J. and Van Den Broeck, C. and Vander-Hyde, D. C. C. and van der Schaaf, L. and Van Heijningen, J. V. V. and Van Veggel, A. A. A. and Vardaro, M. and Varma, V. and Vass, S. and Vas{\'{u}}th, M. and Vecchio, A. and Vedovato, G. and Veitch, J. and Veitch, P. J. J. and Venkateswara, K. and Venugopalan, G. and Verkindt, D. and Vetrano, F. and Vicer{\'{e}}, A. and Viets, A. D. D. and Vinciguerra, S. and Vine, D. J. J. and Vinet, J.-Y. Y. and Vitale, S. and Vo, T. and Vocca, H. and Vorvick, C. and Vyatchanin, S. P. P. and Wade, A. R. R. and Wade, L. E. E. and Wade, M. and Walet, R. and Walker, M. and Wallace, L. and Walsh, S. and Wang, G. and Wang, H. and Wang, J. Z. Z. and Wang, W. H. H. and Wang, Y. F. F. and Ward, R. L. L. and Warner, J. and Was, M. and Watchi, J. and Weaver, B. and Wei, L.-W. W. and Weinert, M. and Weinstein, A. J. J. and Weiss, R. and Wen, L. and Wessel, E. K. K. and We{\ss}els, P. and Westerweck, J. and Westphal, T. and Wette, K. and Whelan, J. T. T. and Whitcomb, S. E. E. and Whiting, B. F. F. and Whittle, C. and Wilken, D. and Williams, D. and Williams, R. D. D. and Williamson, A. R. R. and Willis, J. L. L. and Willke, B. and Wimmer, M. H. H. and Winkler, W. and Wipf, C. C. C. and Wittel, H. and Woan, G. and Woehler, J. and Wofford, J. and Wong, K. W. K. W.K. and Worden, J. and Wright, J. L. L. and Wu, D. S. S. and Wysocki, D. M. M. and Xiao, S. and Yamamoto, H. and Yancey, C. C. C. and Yang, L. and Yap, M. J. J. and Yazback, M. and Yu, Hang Haocun Hang and Yu, Hang Haocun Hang and Yvert, M. and Zadrozny, A. and Zanolin, M. and Zelenova, T. and Zendri, J.-P. P. and Zevin, M. and Zhang, L. and Zhang, M. and Zhang, T. and Zhang, Y.-H. H. and Zhao, C. and Zhou, M. and Zhou, Z. and Zhu, S. J. J. and Zhu, X. J. J. and Zimmerman, A. B. B. and Zucker, M. E. E. and Zweizig, J.},
    number = {14},
    month = {10},
    pages = {141101},
    volume = {119},
    publisher = {American Physical Society},
    url = {https://link.aps.org/doi/10.1103/PhysRevLett.119.141101},
    doi = {10.1103/PhysRevLett.119.141101},
    issn = {10797114},
    arxivId = {1709.09660}
}

@article{Abbott2017a,
    title = {{GW170817: Observation of Gravitational Waves from a Binary Neutron Star Inspiral}},
    year = {2017},
    journal = {Physical Review Letters},
    author = {Abbott, B. P. P. and Abbott, R. and Abbott, T. D. D. and Acernese, F. and Ackley, K. and Adams, C. and Adams, T. and Addesso, P. and Adhikari, R. X. X. and Adya, V. B. B. and Affeldt, C. and Afrough, M. and Agarwal, B. and Agathos, M. and Agatsuma, K. and Aggarwal, N. and Aguiar, O. D. D. and Aiello, L. and Ain, A. and Ajith, P. and Allen, B. and Allen, G. and Allocca, A. and Altin, P. A. A. and Amato, A. and Ananyeva, A. and Anderson, S. B. B. and Anderson, W. G. G. and Angelova, S. V. V. and Antier, S. and Appert, S. and Arai, K. and Araya, M. C. C. and Areeda, J. S. S. and Arnaud, N. and Arun, K. G. G. and Ascenzi, S. and Ashton, G. and Ast, M. and Aston, S. M. M. and Astone, P. and Atallah, D. V. V. and Aufmuth, P. and Aulbert, C. and Aultoneal, K. and Austin, C. and Avila-Alvarez, A. and Babak, S. and Bacon, P. and Bader, M. K. M. K.M. and Bae, S. and Bailes, M. and Baker, P. T. T. and Baldaccini, F. and Ballardin, G. and Ballmer, S. W. W. and Banagiri, S. and Barayoga, J. C. C. and Barclay, S. E. E. and Barish, B. C. C. and Barker, D. and Barkett, K. and Barone, F. and Barr, B. and Barsotti, L. and Barsuglia, M. and Barta, D. and Barthelmy, S. D. D. and Bartlett, J. and Bartos, I. and Bassiri, R. and Basti, A. and Batch, J. C. C. and Bawaj, M. and Bayley, J. C. C. and Bazzan, M. and B{\'{e}}csy, B. and Beer, C. and Bejger, M. and Belahcene, I. and Bell, A. S. S. and Berger, B. K. K. and Bergmann, G. and Bernuzzi, S. and Bero, J. J. J. and Berry, C. P. L. P.L. and Bersanetti, D. and Bertolini, A. and Betzwieser, J. and Bhagwat, S. and Bhandare, R. and Bilenko, I. A. A. and Billingsley, G. and Billman, C. R. R. and Birch, J. and Birney, R. and Birnholtz, O. and Biscans, S. and Biscoveanu, S. and Bisht, A. and Bitossi, M. and Biwer, C. and Bizouard, M. A. A. and Blackburn, J. K. K. and Blackman, J. and Blair, C. D. D. and Blair, D. G. G. and Blair, R. M. M. and Bloemen, S. and Bock, O. and Bode, N. and Boer, M. and Bogaert, G. and Bohe, A. and Bondu, F. and Bonilla, E. and Bonnand, R. and Boom, B. A. A. and Bork, R. and Boschi, V. and Bose, S. and Bossie, K. and Bouffanais, Y. and Bozzi, A. and Bradaschia, C. and Brady, P. R. R. and Branchesi, M. and Brau, J. E. E. and Briant, T. and Brillet, A. and Brinkmann, M. and Brisson, V. and Brockill, P. and Broida, J. E. E. and Brooks, A. F. F. and Brown, D. D. D. A. A. and Brown, D. D. D. A. A. and Brunett, S. and Buchanan, C. C. C. and Buikema, A. and Bulik, T. and Bulten, H. J. J. and Buonanno, A. and Buskulic, D. and Buy, C. and Byer, R. L. L. and Cabero, M. and Cadonati, L. and Cagnoli, G. and Cahillane, C. and Calder{\'{o}}n Bustillo, J. and Callister, T. A. A. and Calloni, E. and Camp, J. B. B. and Canepa, M. and Canizares, P. and Cannon, K. C. C. and Cao, H. and Cao, J. and Capano, C. D. D. and Capocasa, E. and Carbognani, F. and Caride, S. and Carney, M. F. F. and Carullo, G. and Casanueva Diaz, J. and Casentini, C. and Caudill, S. and Cavagli{\`{a}}, M. and Cavalier, F. and Cavalieri, R. and Cella, G. and Cepeda, C. B. B. and Cerd{\'{a}}-Dur{\'{a}}n, P. and Cerretani, G. and Cesarini, E. and Chamberlin, S. J. J. and Chan, M. and Chao, S. and Charlton, P. and Chase, E. and Chassande-Mottin, E. and Chatterjee, D. and Chatziioannou, K. and Cheeseboro, B. D. D. and Chen, H. Y. Y. and Chen, X. and Chen, Y. and Cheng, H.-P. P. and Chia, H. and Chincarini, A. and Chiummo, A. and Chmiel, T. and Cho, H. S. S. and Cho, M. and Chow, J. H. H. and Christensen, N. and Chu, Q. and Chua, A. J. K. J.K. and Chua, S. and Chung, A. K. W. K.W. and Chung, S. and Ciani, G. and Ciolfi, R. and Cirelli, C. E. E. and Cirone, A. and Clara, F. and Clark, J. A. A. and Clearwater, P. and Cleva, F. and Cocchieri, C. and Coccia, E. and Cohadon, P.-F. F. and Cohen, D. and Colla, A. and Collette, C. G. G. and Cominsky, L. R. R. and Constancio, M. and Conti, L. and Cooper, S. J. J. and Corban, P. and Corbitt, T. R. R. and Cordero-Carri{\'{o}}n, I. and Corley, K. R. R. and Cornish, N. and Corsi, A. and Cortese, S. and Costa, C. A. A. and Coughlin, M. W. W. and Coughlin, S. B. B. and Coulon, J.-P. P. and Countryman, S. T. T. and Couvares, P. and Covas, P. B. B. and Cowan, E. E. E. and Coward, D. M. M. and Cowart, M. J. J. and Coyne, D. C. C. and Coyne, R. and Creighton, J. D. E. D.E. and Creighton, T. D. D. and Cripe, J. and Crowder, S. G. G. and Cullen, T. J. J. and Cumming, A. and Cunningham, L. and Cuoco, E. and Dal Canton, T. and D{\'{a}}lya, G. and Danilishin, S. L. L. and D'Antonio, S. and Danzmann, K. and Dasgupta, A. and Da Silva Costa, C. F. F. and Dattilo, V. and Dave, I. and Davier, M. and Davis, D. and Daw, E. J. J. and Day, B. and De, S. and DeBra, D. and Degallaix, J. and De Laurentis, M. and Del{\'{e}}glise, S. and Del Pozzo, W. and Demos, N. and Denker, T. and Dent, T. and De Pietri, R. and Dergachev, V. and De Rosa, R. and DeRosa, R. T. T. and De Rossi, C. and Desalvo, R. and de Varona, O. and Devenson, J. and Dhurandhar, S. and D{\'{i}}az, M. C. C. and Dietrich, T. and Di Fiore, L. and Di Giovanni, M. and Di Girolamo, T. and Di Lieto, A. and Di Pace, S. and Di Palma, I. and Di Renzo, F. and Doctor, Z. and Dolique, V. and Donovan, F. and Dooley, K. L. L. and Doravari, S. and Dorrington, I. and Douglas, R. and Dovale {\'{A}}lvarez, M. and Downes, T. P. P. and Drago, M. and Dreissigacker, C. and Driggers, J. C. C. and Du, Z. and Ducrot, M. and Dudi, R. and Dupej, P. and Dwyer, S. E. E. and Edo, T. B. B. and Edwards, M. C. C. and Effler, A. and Eggenstein, H.-B. B. and Ehrens, P. and Eichholz, J. and Eikenberry, S. S. S. and Eisenstein, R. A. A. and Essick, R. C. C. and Estevez, D. and Etienne, Z. B. B. and Etzel, T. and Evans, M. and Evans, T. M. M. and Factourovich, M. and Fafone, V. and Fair, H. and Fairhurst, S. and Fan, X. and Farinon, S. and Farr, B. and Farr, W. M. M. and Fauchon-Jones, E. J. J. and Favata, M. and Fays, M. and Fee, C. and Fehrmann, H. and Feicht, J. and Fejer, M. M. M. and Fernandez-Galiana, A. and Ferrante, I. and Ferreira, E. C. C. and Ferrini, F. and Fidecaro, F. and Finstad, D. and Fiori, I. and Fiorucci, D. and Fishbach, M. and Fisher, R. P. P. and Fitz-Axen, M. and Flaminio, R. and Fletcher, M. and Fong, H. and Font, J. A. A. and Forsyth, P. W. F. W.F. and Forsyth, S. S. S. and Fournier, J.-D. D. and Frasca, S. and Frasconi, F. and Frei, Z. and Freise, A. and Frey, R. and Frey, V. and Fries, E. M. M. and Fritschel, P. and Frolov, V. V. V. and Fulda, P. and Fyffe, M. and Gabbard, H. and Gadre, B. U. U. and Gaebel, S. M. M. and Gair, J. R. R. and Gammaitoni, L. and Ganija, M. R. R. and Gaonkar, S. G. G. and Garcia-Quiros, C. and Garufi, F. and Gateley, B. and Gaudio, S. and Gaur, G. and Gayathri, V. and Gehrels, N. and Gemme, G. and Genin, E. and Gennai, A. and George, D. and George, J. and Gergely, L. and Germain, V. and Ghonge, S. and Ghosh, Abhirup Archisman and Ghosh, Abhirup Archisman and Ghosh, S. and Giaime, J. A. A. and Giardina, K. D. D. and Giazotto, A. and Gill, K. and Glover, L. and Goetz, E. and Goetz, R. and Gomes, S. and Goncharov, B. and Gonz{\'{a}}lez, G. and Gonzalez Castro, J. M. M. and Gopakumar, A. and Gorodetsky, M. L. L. and Gossan, S. E. E. and Gosselin, M. and Gouaty, R. and Grado, A. and Graef, C. and Granata, M. and Grant, A. and Gras, S. and Gray, C. and Greco, G. and Green, A. C. C. and Gretarsson, E. M. M. and Groot, P. and Grote, H. and Grunewald, S. and Gruning, P. and Guidi, G. M. M. and Guo, X. and Gupta, A. and Gupta, M. K. K. and Gushwa, K. E. E. and Gustafson, E. K. K. and Gustafson, R. and Halim, O. and Hall, B. R. R. and Hall, E. D. D. and Hamilton, E. Z. Z. and Hammond, G. and Haney, M. and Hanke, M. M. M. and Hanks, J. and Hanna, C. and Hannam, M. D. D. and Hannuksela, O. A. A. and Hanson, J. and Hardwick, T. and Harms, J. and Harry, G. M. M. and Harry, I. W. W. and Hart, M. J. J. and Haster, C.-J. J. and Haughian, K. and Healy, J. and Heidmann, A. and Heintze, M. C. C. and Heitmann, H. and Hello, P. and Hemming, G. and Hendry, M. and Heng, I. S. S. and Hennig, J. and Heptonstall, A. W. W. and Heurs, M. and Hild, S. and Hinderer, T. and Ho, W. C. G. C.G. and Hoak, D. and Hofman, D. and Holt, K. and Holz, D. E. E. and Hopkins, P. and Horst, C. and Hough, J. and Houston, E. A. A. and Howell, E. J. J. and Hreibi, A. and Hu, Y. M. M. and Huerta, E. A. A. and Huet, D. and Hughey, B. and Husa, S. and Huttner, S. H. H. and Huynh-Dinh, T. and Indik, N. and Inta, R. and Intini, G. and Isa, H. N. N. and Isac, J.-M. M. and Isi, M. and Iyer, B. R. R. and Izumi, K. and Jacqmin, T. and Jani, K. and Jaranowski, P. and Jawahar, S. and Jim{\'{e}}nez-Forteza, F. and Johnson, W. W. W. and Johnson-McDaniel, N. K. K. and Jones, D. I. I. and Jones, R. and Jonker, R. J. G. J.G. and Ju, L. and Junker, J. and Kalaghatgi, C. V. V. and Kalogera, V. and Kamai, B. and Kandhasamy, S. and Kang, G. and Kanner, J. B. B. and Kapadia, S. J. J. and Karki, S. and Karvinen, K. S. S. and Kasprzack, M. and Kastaun, W. and Katolik, M. and Katsavounidis, E. and Katzman, W. and Kaufer, S. and Kawabe, K. and K{\'{e}}f{\'{e}}lian, F. and Keitel, D. and Kemball, A. J. J. and Kennedy, R. and Kent, C. and Key, J. S. S. and Khalili, F. Y. Y. and Khan, I. and Khan, S. and Khan, Z. and Khazanov, E. A. A. and Kijbunchoo, N. and Kim, Chunglee and Kim, J. C. C. and Kim, K. and Kim, W. S. S. and Kim, W. S. S. and Kim, Y.-M. M. and Kimbrell, S. J. J. and King, E. J. J. and King, P. J. J. and Kinley-Hanlon, M. and Kirchhoff, R. and Kissel, J. S. S. and Kleybolte, L. and Klimenko, S. and Knowles, T. D. D. and Koch, P. and Koehlenbeck, S. M. M. and Koley, S. and Kondrashov, V. and Kontos, A. and Korobko, M. and Korth, W. Z. Z. and Kowalska, I. and Kozak, D. B. B. and Kr{\"{a}}mer, C. and Kringel, V. and Krishnan, B. and Kr{\'{o}}lak, A. and Kuehn, G. and Kumar, P. and Kumar, R. and Kumar, S. and Kuo, L. and Kutynia, A. and Kwang, S. and Lackey, B. D. D. and Lai, K. H. H. and Landry, M. and Lang, R. N. N. and Lange, J. and Lantz, B. and Lanza, R. K. K. and Larson, S. L. L. and Lartaux-Vollard, A. and Lasky, P. D. D. and Laxen, M. and Lazzarini, A. and Lazzaro, C. and Leaci, P. and Leavey, S. and Lee, C. H. H. and Lee, H. M. K. H. W. H. K. W. M. and Lee, H. M. K. H. W. H. K. W. M. and Lee, H. M. K. H. W. H. K. W. M. and Lee, K. and Lehmann, J. and Lenon, A. and Leon, E. and Leonardi, M. and Leroy, N. and Letendre, N. and Levin, Y. and Li, T. G. F. G.F. and Linker, S. D. D. and Littenberg, T. B. B. and Liu, J. and Liu, X. and Lo, R. K. L. K.L. and Lockerbie, N. A. A. and London, L. T. T. and Lord, J. E. E. and Lorenzini, M. and Loriette, V. and Lormand, M. and Losurdo, G. and Lough, J. D. D. and Lousto, C. O. O. and Lovelace, G. and L{\"{u}}ck, H. and Lumaca, D. and Lundgren, A. P. P. and Lynch, R. and Ma, Y. and Macas, R. and Macfoy, S. and Machenschalk, B. and MacInnis, M. and Macleod, D. M. M. and Maga{\~{n}}a Hernandez, I. and Maga{\~{n}}a-Sandoval, F. and Maga{\~{n}}a Zertuche, L. and Magee, R. M. M. and Majorana, E. and Maksimovic, I. and Man, N. and Mandic, V. and Mangano, V. and Mansell, G. L. L. and Manske, M. and Mantovani, M. and Marchesoni, F. and Marion, F. and M{\'{a}}rka, S. and M{\'{a}}rka, Z. and Markakis, C. and Markosyan, A. S. S. and Markowitz, A. and Maros, E. and Marquina, A. and Marsh, P. and Martelli, F. and Martellini, L. and Martin, I. W. W. and Martin, R. M. M. and Martynov, D. V. V. and Marx, J. N. N. and Mason, K. and Massera, E. and Masserot, A. and Massinger, T. J. J. and Masso-Reid, M. and Mastrogiovanni, S. and Matas, A. and Matichard, F. and Matone, L. and Mavalvala, N. and Mazumder, N. and McCarthy, R. and McClelland, D. E. E. and McCormick, S. and McCuller, L. and McGuire, S. C. C. and McIntyre, G. and McIver, J. and McManus, D. J. J. and McNeill, L. and McRae, T. and McWilliams, S. T. T. and Meacher, D. and Meadors, G. D. D. and Mehmet, M. and Meidam, J. and Mejuto-Villa, E. and Melatos, A. and Mendell, G. and Mercer, R. A. A. and Merilh, E. L. L. and Merzougui, M. and Meshkov, S. and Messenger, C. and Messick, C. and Metzdorff, R. and Meyers, P. M. M. and Miao, H. and Michel, C. and Middleton, H. and Mikhailov, E. E. E. and Milano, L. and Miller, A. L. L. and Miller, B. B. B. and Miller, J. and Millhouse, M. and Milovich-Goff, M. C. C. and Minazzoli, O. and Minenkov, Y. and Ming, J. and Mishra, C. and Mitra, S. and Mitrofanov, V. P. P. and Mitselmakher, G. and Mittleman, R. and Moffa, D. and Moggi, A. and Mogushi, K. and Mohan, M. and Mohapatra, S. R. P. R.P. and Molina, I. and Montani, M. and Moore, C. J. J. and Moraru, D. and Moreno, G. and Morisaki, S. and Morriss, S. R. R. and Mours, B. and Mow-Lowry, C. M. M. and Mueller, G. and Muir, A. W. W. and Mukherjee, Arunava and Mukherjee, D. and Mukherjee, S. and Mukund, N. and Mullavey, A. and Munch, J. and Mu{\~{n}}iz, E. A. A. and Muratore, M. and Murray, P. G. G. and Nagar, A. and Napier, K. and Nardecchia, I. and Naticchioni, L. and Nayak, R. K. K. and Neilson, J. and Nelemans, G. and Nelson, T. J. N. J.N. and Nery, M. and Neunzert, A. and Nevin, L. and Newport, J. M. M. and Newton, G. and Ng, K. K. Y. K.Y. and Nguyen, P. and Nguyen, T. T. T. and Nichols, D. and Nielsen, A. B. B. and Nissanke, S. and Nitz, A. and Noack, A. and Nocera, F. and Nolting, D. and North, C. and Nuttall, L. K. K. and Oberling, J. and O'Dea, G. D. and Ogin, G. H. H. and Oh, J. J. J. and Oh, S. H. H. and Ohme, F. and Okada, M. A. A. and Oliver, M. and Oppermann, P. and Oram, Richard J. and O'Reilly, B. and Ormiston, R. and Ortega, L. F. F. and O'Shaughnessy, R. and Ossokine, S. and Ottaway, D. J. J. and Overmier, H. and Owen, B. J. J. and Pace, A. E. E. and Page, J. and Page, M. A. A. and Pai, A. and Pai, S. A. A. and Palamos, J. R. R. and Palashov, O. and Palomba, C. and Pal-Singh, A. and Pan, Huang-Wei Wei Howard and Pan, Huang-Wei Wei Howard and Pang, B. and Pang, P. T. H. T.H. and Pankow, C. and Pannarale, F. and Pant, B. C. C. and Paoletti, F. and Paoli, A. and Papa, M. A. A. and Parida, A. and Parker, W. and Pascucci, D. and Pasqualetti, A. and Passaquieti, R. and Passuello, D. and Patil, M. and Patricelli, B. and Pearlstone, B. L. L. and Pedraza, M. and Pedurand, R. and Pekowsky, L. and Pele, A. and Penn, S. and Perez, C. J. J. and Perreca, A. and Perri, L. M. M. and Pfeiffer, H. P. P. and Phelps, M. and Piccinni, O. J. J. and Pichot, M. and Piergiovanni, F. and Pierro, V. and Pillant, G. and Pinard, L. and Pinto, I. M. M. and Pirello, M. and Pitkin, M. and Poe, M. and Poggiani, R. and Popolizio, P. and Porter, E. K. K. and Post, A. and Powell, J. and Prasad, J. and Pratt, J. W. W. W.W. and Pratten, G. and Predoi, V. and Prestegard, T. and Prijatelj, M. and Principe, M. and Privitera, S. and Prix, R. and Prodi, G. A. A. and Prokhorov, L. G. G. and Puncken, O. and Punturo, M. and Puppo, P. and P{\"{u}}rrer, M. and Qi, H. and Quetschke, V. and Quintero, E. A. A. and Quitzow-James, R. and Raab, F. J. J. and Rabeling, D. S. S. and Radkins, H. and Raffai, P. and Raja, S. and Rajan, C. and Rajbhandari, B. and Rakhmanov, M. and Ramirez, K. E. E. and Ramos-Buades, A. and Rapagnani, P. and Raymond, V. and Razzano, M. and Read, J. and Regimbau, T. and Rei, L. and Reid, S. and Reitze, D. H. H. and Ren, W. and Reyes, S. D. D. and Ricci, F. and Ricker, P. M. M. and Rieger, S. and Riles, K. and Rizzo, M. and Robertson, N. A. A. and Robie, R. and Robinet, F. and Rocchi, A. and Rolland, L. and Rollins, J. G. G. and Roma, V. J. J. and Romano, J. D. D. and Romano, R. and Romel, C. L. L. and Romie, J. H. H. and Rosi{\'{n}}ska, D. and Ross, M. P. P. and Rowan, S. and R{\"{u}}diger, A. and Ruggi, P. and Rutins, G. and Ryan, K. and Sachdev, S. and Sadecki, T. and Sadeghian, L. and Sakellariadou, M. and Salconi, L. and Saleem, M. and Salemi, F. and Samajdar, A. and Sammut, L. and Sampson, L. M. M. and Sanchez, E. J. J. and Sanchez, L. E. E. and Sanchis-Gual, N. and Sandberg, V. and Sanders, J. R. R. and Sassolas, B. and Sathyaprakash, B. S. S. and Saulson, P. R. R. and Sauter, O. and Savage, R. L. L. and Sawadsky, A. and Schale, P. and Scheel, M. and Scheuer, J. and Schmidt, J. and Schmidt, P. and Schnabel, R. and Schofield, R. M. S. M.S. and Sch{\"{o}}nbeck, A. and Schreiber, E. and Schuette, D. and Schulte, B. W. W. and Schutz, B. F. F. and Schwalbe, S. G. G. and Scott, J. and Scott, S. M. M. and Seidel, E. and Sellers, D. and Sengupta, A. S. S. and Sentenac, D. and Sequino, V. and Sergeev, A. and Shaddock, D. A. A. and Shaffer, T. J. J. and Shah, A. A. A. and Shahriar, M. S. S. and Shaner, M. B. B. and Shao, L. and Shapiro, B. and Shawhan, P. and Sheperd, A. and Shoemaker, D. H. M. D. M. H. and Shoemaker, D. H. M. D. M. H. and Siellez, K. and Siemens, X. and Sieniawska, M. and Sigg, D. and Silva, A. D. D. and Singer, L. P. P. and Singh, A. and Singhal, A. and Sintes, A. M. M. and Slagmolen, B. J. J. J.J. and Smith, B. and Smith, J. R. R. and Smith, R. J. E. J.E. and Somala, S. and Son, E. J. J. and Sonnenberg, J. A. A. and Sorazu, B. and Sorrentino, F. and Souradeep, T. and Spencer, A. P. P. and Srivastava, A. K. K. and Staats, K. and Staley, A. and Steinke, M. and Steinlechner, J. and Steinlechner, S. and Steinmeyer, D. and Stevenson, S. P. P. and Stone, R. and Stops, D. J. J. and Strain, K. A. A. and Stratta, G. and Strigin, S. E. E. and Strunk, A. and Sturani, R. and Stuver, A. L. L. and Summerscales, T. Z. Z. and Sun, L. and Sunil, S. and Suresh, J. and Sutton, P. J. J. and Swinkels, B. L. L. and Szczepa{\'{n}}czyk, M. J. J. and Tacca, M. and Tait, S. C. C. and Talbot, C. and Talukder, D. and Tanner, D. B. B. and T{\'{a}}pai, M. and Taracchini, A. and Tasson, J. D. D. and Taylor, J. A. A. and Taylor, R. and Tewari, S. V. V. and Theeg, T. and Thies, F. and Thomas, E. G. G. and Thomas, M. and Thomas, P. and Thorne, K. A. S. A. K. S. and Thorne, K. A. S. A. K. S. and Thrane, E. and Tiwari, S. and Tiwari, V. and Tokmakov, K. V. V. and Toland, K. and Tonelli, M. and Tornasi, Z. and Torres-Forn{\'{e}}, A. and Torrie, C. I. I. and T{\"{o}}yr{\"{a}}, D. and Travasso, F. and Traylor, G. and Trinastic, J. and Tringali, M. C. C. and Trozzo, L. and Tsang, K. W. W. and Tse, M. and Tso, R. and Tsukada, L. and Tsuna, D. and Tuyenbayev, D. and Ueno, K. and Ugolini, D. and Unnikrishnan, C. S. S. and Urban, A. L. L. and Usman, S. A. A. and Vahlbruch, H. and Vajente, G. and Valdes, G. and Vallisneri, M. and van Bakel, N. and Van Beuzekom, M. and van den Brand, J. F. J. F.J. and Van Den Broeck, C. and Vander-Hyde, D. C. C. and van der Schaaf, L. and Van Heijningen, J. V. V. and Van Veggel, A. A. A. and Vardaro, M. and Varma, V. and Vass, S. and Vas{\'{u}}th, M. and Vecchio, A. and Vedovato, G. and Veitch, J. and Veitch, P. J. J. and Venkateswara, K. and Venugopalan, G. and Verkindt, D. and Vetrano, F. and Vicer{\'{e}}, A. and Viets, A. D. D. and Vinciguerra, S. and Vine, D. J. J. and Vinet, J.-Y. Y. and Vitale, S. and Vo, T. and Vocca, H. and Vorvick, C. and Vyatchanin, S. P. P. and Wade, A. R. R. and Wade, L. E. E. and Wade, M. and Walet, R. and Walker, M. and Wallace, L. and Walsh, S. and Wang, G. and Wang, H. and Wang, J. Z. Z. and Wang, W. H. H. and Wang, Y. F. F. and Ward, R. L. L. and Warner, J. and Was, M. and Watchi, J. and Weaver, B. and Wei, L.-W. W. and Weinert, M. and Weinstein, A. J. J. and Weiss, R. and Wen, L. and Wessel, E. K. K. and We{\ss}els, P. and Westerweck, J. and Westphal, T. and Wette, K. and Whelan, J. T. T. and Whitcomb, S. E. E. and Whiting, B. F. F. and Whittle, C. and Wilken, D. and Williams, D. and Williams, R. D. D. and Williamson, A. R. R. and Willis, J. L. L. and Willke, B. and Wimmer, M. H. H. and Winkler, W. and Wipf, C. C. C. and Wittel, H. and Woan, G. and Woehler, J. and Wofford, J. and Wong, K. W. K. W.K. and Worden, J. and Wright, J. L. L. and Wu, D. S. S. and Wysocki, D. M. M. and Xiao, S. and Yamamoto, H. and Yancey, C. C. C. and Yang, L. and Yap, M. J. J. and Yazback, M. and Yu, Hang Haocun Hang and Yu, Hang Haocun Hang and Yvert, M. and Zadro{\.{z}}ny, A. and Zanolin, M. and Zelenova, T. and Zendri, J.-P. P. and Zevin, M. and Zhang, L. and Zhang, M. and Zhang, T. and Zhang, Y.-H. H. and Zhao, C. and Zhou, M. and Zhou, Z. and Zhu, S. J. J. and Zhu, X. J. J. and Zimmerman, A. B. B. and Zucker, M. E. E. and Zweizig, J. and D’Antonio, S. and Danzmann, K. and Dasgupta, A. and Da Silva Costa, C. F. F. and Dattilo, V. and Dave, I. and Davier, M. and Davis, D. and Daw, E. J. J. and Day, B. and De, S. and DeBra, D. and Degallaix, J. and De Laurentis, M. and Del{\'{e}}glise, S. and Del Pozzo, W. and Demos, N. and Denker, T. and Dent, T. and De Pietri, R. and Dergachev, V. and De Rosa, R. and DeRosa, R. T. T. and De Rossi, C. and Desalvo, R. and de Varona, O. and Devenson, J. and Dhurandhar, S. and D{\'{i}}az, M. C. C. and Dietrich, T. and Di Fiore, L. and Di Giovanni, M. and Di Girolamo, T. and Di Lieto, A. and Di Pace, S. and Di Palma, I. and Di Renzo, F. and Doctor, Z. and Dolique, V. and Donovan, F. and Dooley, K. L. L. and Doravari, S. and Dorrington, I. and Douglas, R. and Dovale {\'{A}}lvarez, M. and Downes, T. P. P. and Drago, M. and Dreissigacker, C. and Driggers, J. C. C. and Du, Z. and Ducrot, M. and Dudi, R. and Dupej, P. and Dwyer, S. E. E. and Edo, T. B. B. and Edwards, M. C. C. and Effler, A. and Eggenstein, H.-B. B. and Ehrens, P. and Eichholz, J. and Eikenberry, S. S. S. and Eisenstein, R. A. A. and Essick, R. C. C. and Estevez, D. and Etienne, Z. B. B. and Etzel, T. and Evans, M. and Evans, T. M. M. and Factourovich, M. and Fafone, V. and Fair, H. and Fairhurst, S. and Fan, X. and Farinon, S. and Farr, B. and Farr, W. M. M. and Fauchon-Jones, E. J. J. and Favata, M. and Fays, M. and Fee, C. and Fehrmann, H. and Feicht, J. and Fejer, M. M. M. and Fernandez-Galiana, A. and Ferrante, I. and Ferreira, E. C. C. and Ferrini, F. and Fidecaro, F. and Finstad, D. and Fiori, I. and Fiorucci, D. and Fishbach, M. and Fisher, R. P. P. and Fitz-Axen, M. and Flaminio, R. and Fletcher, M. and Fong, H. and Font, J. A. A. and Forsyth, P. W. F. W.F. and Forsyth, S. S. S. and Fournier, J.-D. D. and Frasca, S. and Frasconi, F. and Frei, Z. and Freise, A. and Frey, R. and Frey, V. and Fries, E. M. M. and Fritschel, P. and Frolov, V. V. V. and Fulda, P. and Fyffe, M. and Gabbard, H. and Gadre, B. U. U. and Gaebel, S. M. M. and Gair, J. R. R. and Gammaitoni, L. and Ganija, M. R. R. and Gaonkar, S. G. G. and Garcia-Quiros, C. and Garufi, F. and Gateley, B. and Gaudio, S. and Gaur, G. and Gayathri, V. and Gehrels, N. and Gemme, G. and Genin, E. and Gennai, A. and George, D. and George, J. and Gergely, L. and Germain, V. and Ghonge, S. and Ghosh, Abhirup Archisman and Ghosh, Abhirup Archisman and Ghosh, S. and Giaime, J. A. A. and Giardina, K. D. D. and Giazotto, A. and Gill, K. and Glover, L. and Goetz, E. and Goetz, R. and Gomes, S. and Goncharov, B. and Gonz{\'{a}}lez, G. and Gonzalez Castro, J. M. M. and Gopakumar, A. and Gorodetsky, M. L. L. and Gossan, S. E. E. and Gosselin, M. and Gouaty, R. and Grado, A. and Graef, C. and Granata, M. and Grant, A. and Gras, S. and Gray, C. and Greco, G. and Green, A. C. C. and Gretarsson, E. M. M. and Groot, P. and Grote, H. and Grunewald, S. and Gruning, P. and Guidi, G. M. M. and Guo, X. and Gupta, A. and Gupta, M. K. K. and Gushwa, K. E. E. and Gustafson, E. K. K. and Gustafson, R. and Halim, O. and Hall, B. R. R. and Hall, E. D. D. and Hamilton, E. Z. Z. and Hammond, G. and Haney, M. and Hanke, M. M. M. and Hanks, J. and Hanna, C. and Hannam, M. D. D. and Hannuksela, O. A. A. and Hanson, J. and Hardwick, T. and Harms, J. and Harry, G. M. M. and Harry, I. W. W. and Hart, M. J. J. and Haster, C.-J. J. and Haughian, K. and Healy, J. and Heidmann, A. and Heintze, M. C. C. and Heitmann, H. and Hello, P. and Hemming, G. and Hendry, M. and Heng, I. S. S. and Hennig, J. and Heptonstall, A. W. W. and Heurs, M. and Hild, S. and Hinderer, T. and Ho, W. C. G. C.G. and Hoak, D. and Hofman, D. and Holt, K. and Holz, D. E. E. and Hopkins, P. and Horst, C. and Hough, J. and Houston, E. A. A. and Howell, E. J. J. and Hreibi, A. and Hu, Y. M. M. and Huerta, E. A. A. and Huet, D. and Hughey, B. and Husa, S. and Huttner, S. H. H. and Huynh-Dinh, T. and Indik, N. and Inta, R. and Intini, G. and Isa, H. N. N. and Isac, J.-M. M. and Isi, M. and Iyer, B. R. R. and Izumi, K. and Jacqmin, T. and Jani, K. and Jaranowski, P. and Jawahar, S. and Jim{\'{e}}nez-Forteza, F. and Johnson, W. W. W. and Johnson-McDaniel, N. K. K. and Jones, D. I. I. and Jones, R. and Jonker, R. J. G. J.G. and Ju, L. and Junker, J. and Kalaghatgi, C. V. V. and Kalogera, V. and Kamai, B. and Kandhasamy, S. and Kang, G. and Kanner, J. B. B. and Kapadia, S. J. J. and Karki, S. and Karvinen, K. S. S. and Kasprzack, M. and Kastaun, W. and Katolik, M. and Katsavounidis, E. and Katzman, W. and Kaufer, S. and Kawabe, K. and K{\'{e}}f{\'{e}}lian, F. and Keitel, D. and Kemball, A. J. J. and Kennedy, R. and Kent, C. and Key, J. S. S. and Khalili, F. Y. Y. and Khan, I. and Khan, S. and Khan, Z. and Khazanov, E. A. A. and Kijbunchoo, N. and Kim, Chunglee and Kim, J. C. C. and Kim, K. and Kim, W. S. S. and Kim, W. S. S. and Kim, Y.-M. M. and Kimbrell, S. J. J. and King, E. J. J. and King, P. J. J. and Kinley-Hanlon, M. and Kirchhoff, R. and Kissel, J. S. S. and Kleybolte, L. and Klimenko, S. and Knowles, T. D. D. and Koch, P. and Koehlenbeck, S. M. M. and Koley, S. and Kondrashov, V. and Kontos, A. and Korobko, M. and Korth, W. Z. Z. and Kowalska, I. and Kozak, D. B. B. and Kr{\"{a}}mer, C. and Kringel, V. and Krishnan, B. and Kr{\'{o}}lak, A. and Kuehn, G. and Kumar, P. and Kumar, R. and Kumar, S. and Kuo, L. and Kutynia, A. and Kwang, S. and Lackey, B. D. D. and Lai, K. H. H. and Landry, M. and Lang, R. N. N. and Lange, J. and Lantz, B. and Lanza, R. K. K. and Larson, S. L. L. and Lartaux-Vollard, A. and Lasky, P. D. D. and Laxen, M. and Lazzarini, A. and Lazzaro, C. and Leaci, P. and Leavey, S. and Lee, C. H. H. and Lee, H. M. K. H. W. H. K. W. M. and Lee, H. M. K. H. W. H. K. W. M. and Lee, H. M. K. H. W. H. K. W. M. and Lee, K. and Lehmann, J. and Lenon, A. and Leon, E. and Leonardi, M. and Leroy, N. and Letendre, N. and Levin, Y. and Li, T. G. F. G.F. and Linker, S. D. D. and Littenberg, T. B. B. and Liu, J. and Liu, X. and Lo, R. K. L. K.L. and Lockerbie, N. A. A. and London, L. T. T. and Lord, J. E. E. and Lorenzini, M. and Loriette, V. and Lormand, M. and Losurdo, G. and Lough, J. D. D. and Lousto, C. O. O. and Lovelace, G. and L{\"{u}}ck, H. and Lumaca, D. and Lundgren, A. P. P. and Lynch, R. and Ma, Y. and Macas, R. and Macfoy, S. and Machenschalk, B. and MacInnis, M. and Macleod, D. M. M. and Maga{\~{n}}a Hernandez, I. and Maga{\~{n}}a-Sandoval, F. and Maga{\~{n}}a Zertuche, L. and Magee, R. M. M. and Majorana, E. and Maksimovic, I. and Man, N. and Mandic, V. and Mangano, V. and Mansell, G. L. L. and Manske, M. and Mantovani, M. and Marchesoni, F. and Marion, F. and M{\'{a}}rka, S. and M{\'{a}}rka, Z. and Markakis, C. and Markosyan, A. S. S. and Markowitz, A. and Maros, E. and Marquina, A. and Marsh, P. and Martelli, F. and Martellini, L. and Martin, I. W. W. and Martin, R. M. M. and Martynov, D. V. V. and Marx, J. N. N. and Mason, K. and Massera, E. and Masserot, A. and Massinger, T. J. J. and Masso-Reid, M. and Mastrogiovanni, S. and Matas, A. and Matichard, F. and Matone, L. and Mavalvala, N. and Mazumder, N. and McCarthy, R. and McClelland, D. E. E. and McCormick, S. and McCuller, L. and McGuire, S. C. C. and McIntyre, G. and McIver, J. and McManus, D. J. J. and McNeill, L. and McRae, T. and McWilliams, S. T. T. and Meacher, D. and Meadors, G. D. D. and Mehmet, M. and Meidam, J. and Mejuto-Villa, E. and Melatos, A. and Mendell, G. and Mercer, R. A. A. and Merilh, E. L. L. and Merzougui, M. and Meshkov, S. and Messenger, C. and Messick, C. and Metzdorff, R. and Meyers, P. M. M. and Miao, H. and Michel, C. and Middleton, H. and Mikhailov, E. E. E. and Milano, L. and Miller, A. L. L. and Miller, B. B. B. and Miller, J. and Millhouse, M. and Milovich-Goff, M. C. C. and Minazzoli, O. and Minenkov, Y. and Ming, J. and Mishra, C. and Mitra, S. and Mitrofanov, V. P. P. and Mitselmakher, G. and Mittleman, R. and Moffa, D. and Moggi, A. and Mogushi, K. and Mohan, M. and Mohapatra, S. R. P. R.P. and Molina, I. and Montani, M. and Moore, C. J. J. and Moraru, D. and Moreno, G. and Morisaki, S. and Morriss, S. R. R. and Mours, B. and Mow-Lowry, C. M. M. and Mueller, G. and Muir, A. W. W. and Mukherjee, Arunava and Mukherjee, D. and Mukherjee, S. and Mukund, N. and Mullavey, A. and Munch, J. and Mu{\~{n}}iz, E. A. A. and Muratore, M. and Murray, P. G. G. and Nagar, A. and Napier, K. and Nardecchia, I. and Naticchioni, L. and Nayak, R. K. K. and Neilson, J. and Nelemans, G. and Nelson, T. J. N. J.N. and Nery, M. and Neunzert, A. and Nevin, L. and Newport, J. M. M. and Newton, G. and Ng, K. K. Y. K.Y. and Nguyen, P. and Nguyen, T. T. T. and Nichols, D. and Nielsen, A. B. B. and Nissanke, S. and Nitz, A. and Noack, A. and Nocera, F. and Nolting, D. and North, C. and Nuttall, L. K. K. and Oberling, J. and O’Dea, G. D. and Ogin, G. H. H. and Oh, J. J. J. and Oh, S. H. H. and Ohme, F. and Okada, M. A. A. and Oliver, M. and Oppermann, P. and Oram, Richard J. and O’Reilly, B. and Ormiston, R. and Ortega, L. F. F. and O’Shaughnessy, R. and Ossokine, S. and Ottaway, D. J. J. and Overmier, H. and Owen, B. J. J. and Pace, A. E. E. and Page, J. and Page, M. A. A. and Pai, A. and Pai, S. A. A. and Palamos, J. R. R. and Palashov, O. and Palomba, C. and Pal-Singh, A. and Pan, Huang-Wei Wei Howard and Pan, Huang-Wei Wei Howard and Pang, B. and Pang, P. T. H. T.H. and Pankow, C. and Pannarale, F. and Pant, B. C. C. and Paoletti, F. and Paoli, A. and Papa, M. A. A. and Parida, A. and Parker, W. and Pascucci, D. and Pasqualetti, A. and Passaquieti, R. and Passuello, D. and Patil, M. and Patricelli, B. and Pearlstone, B. L. L. and Pedraza, M. and Pedurand, R. and Pekowsky, L. and Pele, A. and Penn, S. and Perez, C. J. J. and Perreca, A. and Perri, L. M. M. and Pfeiffer, H. P. P. and Phelps, M. and Piccinni, O. J. J. and Pichot, M. and Piergiovanni, F. and Pierro, V. and Pillant, G. and Pinard, L. and Pinto, I. M. M. and Pirello, M. and Pitkin, M. and Poe, M. and Poggiani, R. and Popolizio, P. and Porter, E. K. K. and Post, A. and Powell, J. and Prasad, J. and Pratt, J. W. W. W.W. and Pratten, G. and Predoi, V. and Prestegard, T. and Prijatelj, M. and Principe, M. and Privitera, S. and Prix, R. and Prodi, G. A. A. and Prokhorov, L. G. G. and Puncken, O. and Punturo, M. and Puppo, P. and P{\"{u}}rrer, M. and Qi, H. and Quetschke, V. and Quintero, E. A. A. and Quitzow-James, R. and Raab, F. J. J. and Rabeling, D. S. S. and Radkins, H. and Raffai, P. and Raja, S. and Rajan, C. and Rajbhandari, B. and Rakhmanov, M. and Ramirez, K. E. E. and Ramos-Buades, A. and Rapagnani, P. and Raymond, V. and Razzano, M. and Read, J. and Regimbau, T. and Rei, L. and Reid, S. and Reitze, D. H. H. and Ren, W. and Reyes, S. D. D. and Ricci, F. and Ricker, P. M. M. and Rieger, S. and Riles, K. and Rizzo, M. and Robertson, N. A. A. and Robie, R. and Robinet, F. and Rocchi, A. and Rolland, L. and Rollins, J. G. G. and Roma, V. J. J. and Romano, J. D. D. and Romano, R. and Romel, C. L. L. and Romie, J. H. H. and Rosi{\'{n}}ska, D. and Ross, M. P. P. and Rowan, S. and R{\"{u}}diger, A. and Ruggi, P. and Rutins, G. and Ryan, K. and Sachdev, S. and Sadecki, T. and Sadeghian, L. and Sakellariadou, M. and Salconi, L. and Saleem, M. and Salemi, F. and Samajdar, A. and Sammut, L. and Sampson, L. M. M. and Sanchez, E. J. J. and Sanchez, L. E. E. and Sanchis-Gual, N. and Sandberg, V. and Sanders, J. R. R. and Sassolas, B. and Sathyaprakash, B. S. S. and Saulson, P. R. R. and Sauter, O. and Savage, R. L. L. and Sawadsky, A. and Schale, P. and Scheel, M. and Scheuer, J. and Schmidt, J. and Schmidt, P. and Schnabel, R. and Schofield, R. M. S. M.S. and Sch{\"{o}}nbeck, A. and Schreiber, E. and Schuette, D. and Schulte, B. W. W. and Schutz, B. F. F. and Schwalbe, S. G. G. and Scott, J. and Scott, S. M. M. and Seidel, E. and Sellers, D. and Sengupta, A. S. S. and Sentenac, D. and Sequino, V. and Sergeev, A. and Shaddock, D. A. A. and Shaffer, T. J. J. and Shah, A. A. A. and Shahriar, M. S. S. and Shaner, M. B. B. and Shao, L. and Shapiro, B. and Shawhan, P. and Sheperd, A. and Shoemaker, D. H. M. D. M. H. and Shoemaker, D. H. M. D. M. H. and Siellez, K. and Siemens, X. and Sieniawska, M. and Sigg, D. and Silva, A. D. D. and Singer, L. P. P. and Singh, A. and Singhal, A. and Sintes, A. M. M. and Slagmolen, B. J. J. J.J. and Smith, B. and Smith, J. R. R. and Smith, R. J. E. J.E. and Somala, S. and Son, E. J. J. and Sonnenberg, J. A. A. and Sorazu, B. and Sorrentino, F. and Souradeep, T. and Spencer, A. P. P. and Srivastava, A. K. K. and Staats, K. and Staley, A. and Steinke, M. and Steinlechner, J. and Steinlechner, S. and Steinmeyer, D. and Stevenson, S. P. P. and Stone, R. and Stops, D. J. J. and Strain, K. A. A. and Stratta, G. and Strigin, S. E. E. and Strunk, A. and Sturani, R. and Stuver, A. L. L. and Summerscales, T. Z. Z. and Sun, L. and Sunil, S. and Suresh, J. and Sutton, P. J. J. and Swinkels, B. L. L. and Szczepa{\'{n}}czyk, M. J. J. and Tacca, M. and Tait, S. C. C. and Talbot, C. and Talukder, D. and Tanner, D. B. B. and T{\'{a}}pai, M. and Taracchini, A. and Tasson, J. D. D. and Taylor, J. A. A. and Taylor, R. and Tewari, S. V. V. and Theeg, T. and Thies, F. and Thomas, E. G. G. and Thomas, M. and Thomas, P. and Thorne, K. A. S. A. K. S. and Thorne, K. A. S. A. K. S. and Thrane, E. and Tiwari, S. and Tiwari, V. and Tokmakov, K. V. V. and Toland, K. and Tonelli, M. and Tornasi, Z. and Torres-Forn{\'{e}}, A. and Torrie, C. I. I. and T{\"{o}}yr{\"{a}}, D. and Travasso, F. and Traylor, G. and Trinastic, J. and Tringali, M. C. C. and Trozzo, L. and Tsang, K. W. W. and Tse, M. and Tso, R. and Tsukada, L. and Tsuna, D. and Tuyenbayev, D. and Ueno, K. and Ugolini, D. and Unnikrishnan, C. S. S. and Urban, A. L. L. and Usman, S. A. A. and Vahlbruch, H. and Vajente, G. and Valdes, G. and Vallisneri, M. and van Bakel, N. and Van Beuzekom, M. and van den Brand, J. F. J. F.J. and Van Den Broeck, C. and Vander-Hyde, D. C. C. and van der Schaaf, L. and Van Heijningen, J. V. V. and Van Veggel, A. A. A. and Vardaro, M. and Varma, V. and Vass, S. and Vas{\'{u}}th, M. and Vecchio, A. and Vedovato, G. and Veitch, J. and Veitch, P. J. J. and Venkateswara, K. and Venugopalan, G. and Verkindt, D. and Vetrano, F. and Vicer{\'{e}}, A. and Viets, A. D. D. and Vinciguerra, S. and Vine, D. J. J. and Vinet, J.-Y. Y. and Vitale, S. and Vo, T. and Vocca, H. and Vorvick, C. and Vyatchanin, S. P. P. and Wade, A. R. R. and Wade, L. E. E. and Wade, M. and Walet, R. and Walker, M. and Wallace, L. and Walsh, S. and Wang, G. and Wang, H. and Wang, J. Z. Z. and Wang, W. H. H. and Wang, Y. F. F. and Ward, R. L. L. and Warner, J. and Was, M. and Watchi, J. and Weaver, B. and Wei, L.-W. W. and Weinert, M. and Weinstein, A. J. J. and Weiss, R. and Wen, L. and Wessel, E. K. K. and We{\ss}els, P. and Westerweck, J. and Westphal, T. and Wette, K. and Whelan, J. T. T. and Whitcomb, S. E. E. and Whiting, B. F. F. and Whittle, C. and Wilken, D. and Williams, D. and Williams, R. D. D. and Williamson, A. R. R. and Willis, J. L. L. and Willke, B. and Wimmer, M. H. H. and Winkler, W. and Wipf, C. C. C. and Wittel, H. and Woan, G. and Woehler, J. and Wofford, J. and Wong, K. W. K. W.K. and Worden, J. and Wright, J. L. L. and Wu, D. S. S. and Wysocki, D. M. M. and Xiao, S. and Yamamoto, H. and Yancey, C. C. C. and Yang, L. and Yap, M. J. J. and Yazback, M. and Yu, Hang Haocun Hang and Yu, Hang Haocun Hang and Yvert, M. and Zadro{\.{z}}ny, A. and Zanolin, M. and Zelenova, T. and Zendri, J.-P. P. and Zevin, M. and Zhang, L. and Zhang, M. and Zhang, T. and Zhang, Y.-H. H. and Zhao, C. and Zhou, M. and Zhou, Z. and Zhu, S. J. J. and Zhu, X. J. J. and Zimmerman, A. B. B. and Zucker, M. E. E. and Zweizig, J. and D'Antonio, S. and Danzmann, K. and Dasgupta, A. and Da Silva Costa, C. F. F. and Dattilo, V. and Dave, I. and Davier, M. and Davis, D. and Daw, E. J. J. and Day, B. and De, S. and DeBra, D. and Degallaix, J. and De Laurentis, M. and Del{\'{e}}glise, S. and Del Pozzo, W. and Demos, N. and Denker, T. and Dent, T. and De Pietri, R. and Dergachev, V. and De Rosa, R. and DeRosa, R. T. T. and De Rossi, C. and Desalvo, R. and de Varona, O. and Devenson, J. and Dhurandhar, S. and D{\'{i}}az, M. C. C. and Dietrich, T. and Di Fiore, L. and Di Giovanni, M. and Di Girolamo, T. and Di Lieto, A. and Di Pace, S. and Di Palma, I. and Di Renzo, F. and Doctor, Z. and Dolique, V. and Donovan, F. and Dooley, K. L. L. and Doravari, S. and Dorrington, I. and Douglas, R. and Dovale {\'{A}}lvarez, M. and Downes, T. P. P. and Drago, M. and Dreissigacker, C. and Driggers, J. C. C. and Du, Z. and Ducrot, M. and Dudi, R. and Dupej, P. and Dwyer, S. E. E. and Edo, T. B. B. and Edwards, M. C. C. and Effler, A. and Eggenstein, H.-B. B. and Ehrens, P. and Eichholz, J. and Eikenberry, S. S. S. and Eisenstein, R. A. A. and Essick, R. C. C. and Estevez, D. and Etienne, Z. B. B. and Etzel, T. and Evans, M. and Evans, T. M. M. and Factourovich, M. and Fafone, V. and Fair, H. and Fairhurst, S. and Fan, X. and Farinon, S. and Farr, B. and Farr, W. M. M. and Fauchon-Jones, E. J. J. and Favata, M. and Fays, M. and Fee, C. and Fehrmann, H. and Feicht, J. and Fejer, M. M. M. and Fernandez-Galiana, A. and Ferrante, I. and Ferreira, E. C. C. and Ferrini, F. and Fidecaro, F. and Finstad, D. and Fiori, I. and Fiorucci, D. and Fishbach, M. and Fisher, R. P. P. and Fitz-Axen, M. and Flaminio, R. and Fletcher, M. and Fong, H. and Font, J. A. A. and Forsyth, P. W. F. W.F. and Forsyth, S. S. S. and Fournier, J.-D. D. and Frasca, S. and Frasconi, F. and Frei, Z. and Freise, A. and Frey, R. and Frey, V. and Fries, E. M. M. and Fritschel, P. and Frolov, V. V. V. and Fulda, P. and Fyffe, M. and Gabbard, H. and Gadre, B. U. U. and Gaebel, S. M. M. and Gair, J. R. R. and Gammaitoni, L. and Ganija, M. R. R. and Gaonkar, S. G. G. and Garcia-Quiros, C. and Garufi, F. and Gateley, B. and Gaudio, S. and Gaur, G. and Gayathri, V. and Gehrels, N. and Gemme, G. and Genin, E. and Gennai, A. and George, D. and George, J. and Gergely, L. and Germain, V. and Ghonge, S. and Ghosh, Abhirup Archisman and Ghosh, Abhirup Archisman and Ghosh, S. and Giaime, J. A. A. and Giardina, K. D. D. and Giazotto, A. and Gill, K. and Glover, L. and Goetz, E. and Goetz, R. and Gomes, S. and Goncharov, B. and Gonz{\'{a}}lez, G. and Gonzalez Castro, J. M. M. and Gopakumar, A. and Gorodetsky, M. L. L. and Gossan, S. E. E. and Gosselin, M. and Gouaty, R. and Grado, A. and Graef, C. and Granata, M. and Grant, A. and Gras, S. and Gray, C. and Greco, G. and Green, A. C. C. and Gretarsson, E. M. M. and Groot, P. and Grote, H. and Grunewald, S. and Gruning, P. and Guidi, G. M. M. and Guo, X. and Gupta, A. and Gupta, M. K. K. and Gushwa, K. E. E. and Gustafson, E. K. K. and Gustafson, R. and Halim, O. and Hall, B. R. R. and Hall, E. D. D. and Hamilton, E. Z. Z. and Hammond, G. and Haney, M. and Hanke, M. M. M. and Hanks, J. and Hanna, C. and Hannam, M. D. D. and Hannuksela, O. A. A. and Hanson, J. and Hardwick, T. and Harms, J. and Harry, G. M. M. and Harry, I. W. W. and Hart, M. J. J. and Haster, C.-J. J. and Haughian, K. and Healy, J. and Heidmann, A. and Heintze, M. C. C. and Heitmann, H. and Hello, P. and Hemming, G. and Hendry, M. and Heng, I. S. S. and Hennig, J. and Heptonstall, A. W. W. and Heurs, M. and Hild, S. and Hinderer, T. and Ho, W. C. G. C.G. and Hoak, D. and Hofman, D. and Holt, K. and Holz, D. E. E. and Hopkins, P. and Horst, C. and Hough, J. and Houston, E. A. A. and Howell, E. J. J. and Hreibi, A. and Hu, Y. M. M. and Huerta, E. A. A. and Huet, D. and Hughey, B. and Husa, S. and Huttner, S. H. H. and Huynh-Dinh, T. and Indik, N. and Inta, R. and Intini, G. and Isa, H. N. N. and Isac, J.-M. M. and Isi, M. and Iyer, B. R. R. and Izumi, K. and Jacqmin, T. and Jani, K. and Jaranowski, P. and Jawahar, S. and Jim{\'{e}}nez-Forteza, F. and Johnson, W. W. W. and Johnson-McDaniel, N. K. K. and Jones, D. I. I. and Jones, R. and Jonker, R. J. G. J.G. and Ju, L. and Junker, J. and Kalaghatgi, C. V. V. and Kalogera, V. and Kamai, B. and Kandhasamy, S. and Kang, G. and Kanner, J. B. B. and Kapadia, S. J. J. and Karki, S. and Karvinen, K. S. S. and Kasprzack, M. and Kastaun, W. and Katolik, M. and Katsavounidis, E. and Katzman, W. and Kaufer, S. and Kawabe, K. and K{\'{e}}f{\'{e}}lian, F. and Keitel, D. and Kemball, A. J. J. and Kennedy, R. and Kent, C. and Key, J. S. S. and Khalili, F. Y. Y. and Khan, I. and Khan, S. and Khan, Z. and Khazanov, E. A. A. and Kijbunchoo, N. and Kim, Chunglee and Kim, J. C. C. and Kim, K. and Kim, W. S. S. and Kim, W. S. S. and Kim, Y.-M. M. and Kimbrell, S. J. J. and King, E. J. J. and King, P. J. J. and Kinley-Hanlon, M. and Kirchhoff, R. and Kissel, J. S. S. and Kleybolte, L. and Klimenko, S. and Knowles, T. D. D. and Koch, P. and Koehlenbeck, S. M. M. and Koley, S. and Kondrashov, V. and Kontos, A. and Korobko, M. and Korth, W. Z. Z. and Kowalska, I. and Kozak, D. B. B. and Kr{\"{a}}mer, C. and Kringel, V. and Krishnan, B. and Kr{\'{o}}lak, A. and Kuehn, G. and Kumar, P. and Kumar, R. and Kumar, S. and Kuo, L. and Kutynia, A. and Kwang, S. and Lackey, B. D. D. and Lai, K. H. H. and Landry, M. and Lang, R. N. N. and Lange, J. and Lantz, B. and Lanza, R. K. K. and Larson, S. L. L. and Lartaux-Vollard, A. and Lasky, P. D. D. and Laxen, M. and Lazzarini, A. and Lazzaro, C. and Leaci, P. and Leavey, S. and Lee, C. H. H. and Lee, H. M. K. H. W. H. K. W. M. and Lee, H. M. K. H. W. H. K. W. M. and Lee, H. M. K. H. W. H. K. W. M. and Lee, K. and Lehmann, J. and Lenon, A. and Leon, E. and Leonardi, M. and Leroy, N. and Letendre, N. and Levin, Y. and Li, T. G. F. G.F. and Linker, S. D. D. and Littenberg, T. B. B. and Liu, J. and Liu, X. and Lo, R. K. L. K.L. and Lockerbie, N. A. A. and London, L. T. T. and Lord, J. E. E. and Lorenzini, M. and Loriette, V. and Lormand, M. and Losurdo, G. and Lough, J. D. D. and Lousto, C. O. O. and Lovelace, G. and L{\"{u}}ck, H. and Lumaca, D. and Lundgren, A. P. P. and Lynch, R. and Ma, Y. and Macas, R. and Macfoy, S. and Machenschalk, B. and MacInnis, M. and Macleod, D. M. M. and Maga{\~{n}}a Hernandez, I. and Maga{\~{n}}a-Sandoval, F. and Maga{\~{n}}a Zertuche, L. and Magee, R. M. M. and Majorana, E. and Maksimovic, I. and Man, N. and Mandic, V. and Mangano, V. and Mansell, G. L. L. and Manske, M. and Mantovani, M. and Marchesoni, F. and Marion, F. and M{\'{a}}rka, S. and M{\'{a}}rka, Z. and Markakis, C. and Markosyan, A. S. S. and Markowitz, A. and Maros, E. and Marquina, A. and Marsh, P. and Martelli, F. and Martellini, L. and Martin, I. W. W. and Martin, R. M. M. and Martynov, D. V. V. and Marx, J. N. N. and Mason, K. and Massera, E. and Masserot, A. and Massinger, T. J. J. and Masso-Reid, M. and Mastrogiovanni, S. and Matas, A. and Matichard, F. and Matone, L. and Mavalvala, N. and Mazumder, N. and McCarthy, R. and McClelland, D. E. E. and McCormick, S. and McCuller, L. and McGuire, S. C. C. and McIntyre, G. and McIver, J. and McManus, D. J. J. and McNeill, L. and McRae, T. and McWilliams, S. T. T. and Meacher, D. and Meadors, G. D. D. and Mehmet, M. and Meidam, J. and Mejuto-Villa, E. and Melatos, A. and Mendell, G. and Mercer, R. A. A. and Merilh, E. L. L. and Merzougui, M. and Meshkov, S. and Messenger, C. and Messick, C. and Metzdorff, R. and Meyers, P. M. M. and Miao, H. and Michel, C. and Middleton, H. and Mikhailov, E. E. E. and Milano, L. and Miller, A. L. L. and Miller, B. B. B. and Miller, J. and Millhouse, M. and Milovich-Goff, M. C. C. and Minazzoli, O. and Minenkov, Y. and Ming, J. and Mishra, C. and Mitra, S. and Mitrofanov, V. P. P. and Mitselmakher, G. and Mittleman, R. and Moffa, D. and Moggi, A. and Mogushi, K. and Mohan, M. and Mohapatra, S. R. P. R.P. and Molina, I. and Montani, M. and Moore, C. J. J. and Moraru, D. and Moreno, G. and Morisaki, S. and Morriss, S. R. R. and Mours, B. and Mow-Lowry, C. M. M. and Mueller, G. and Muir, A. W. W. and Mukherjee, Arunava and Mukherjee, D. and Mukherjee, S. and Mukund, N. and Mullavey, A. and Munch, J. and Mu{\~{n}}iz, E. A. A. and Muratore, M. and Murray, P. G. G. and Nagar, A. and Napier, K. and Nardecchia, I. and Naticchioni, L. and Nayak, R. K. K. and Neilson, J. and Nelemans, G. and Nelson, T. J. N. J.N. and Nery, M. and Neunzert, A. and Nevin, L. and Newport, J. M. M. and Newton, G. and Ng, K. K. Y. K.Y. and Nguyen, P. and Nguyen, T. T. T. and Nichols, D. and Nielsen, A. B. B. and Nissanke, S. and Nitz, A. and Noack, A. and Nocera, F. and Nolting, D. and North, C. and Nuttall, L. K. K. and Oberling, J. and O'Dea, G. D. and Ogin, G. H. H. and Oh, J. J. J. and Oh, S. H. H. and Ohme, F. and Okada, M. A. A. and Oliver, M. and Oppermann, P. and Oram, Richard J. and O'Reilly, B. and Ormiston, R. and Ortega, L. F. F. and O'Shaughnessy, R. and Ossokine, S. and Ottaway, D. J. J. and Overmier, H. and Owen, B. J. J. and Pace, A. E. E. and Page, J. and Page, M. A. A. and Pai, A. and Pai, S. A. A. and Palamos, J. R. R. and Palashov, O. and Palomba, C. and Pal-Singh, A. and Pan, Huang-Wei Wei Howard and Pan, Huang-Wei Wei Howard and Pang, B. and Pang, P. T. H. T.H. and Pankow, C. and Pannarale, F. and Pant, B. C. C. and Paoletti, F. and Paoli, A. and Papa, M. A. A. and Parida, A. and Parker, W. and Pascucci, D. and Pasqualetti, A. and Passaquieti, R. and Passuello, D. and Patil, M. and Patricelli, B. and Pearlstone, B. L. L. and Pedraza, M. and Pedurand, R. and Pekowsky, L. and Pele, A. and Penn, S. and Perez, C. J. J. and Perreca, A. and Perri, L. M. M. and Pfeiffer, H. P. P. and Phelps, M. and Piccinni, O. J. J. and Pichot, M. and Piergiovanni, F. and Pierro, V. and Pillant, G. and Pinard, L. and Pinto, I. M. M. and Pirello, M. and Pitkin, M. and Poe, M. and Poggiani, R. and Popolizio, P. and Porter, E. K. K. and Post, A. and Powell, J. and Prasad, J. and Pratt, J. W. W. W.W. and Pratten, G. and Predoi, V. and Prestegard, T. and Prijatelj, M. and Principe, M. and Privitera, S. and Prix, R. and Prodi, G. A. A. and Prokhorov, L. G. G. and Puncken, O. and Punturo, M. and Puppo, P. and P{\"{u}}rrer, M. and Qi, H. and Quetschke, V. and Quintero, E. A. A. and Quitzow-James, R. and Raab, F. J. J. and Rabeling, D. S. S. and Radkins, H. and Raffai, P. and Raja, S. and Rajan, C. and Rajbhandari, B. and Rakhmanov, M. and Ramirez, K. E. E. and Ramos-Buades, A. and Rapagnani, P. and Raymond, V. and Razzano, M. and Read, J. and Regimbau, T. and Rei, L. and Reid, S. and Reitze, D. H. H. and Ren, W. and Reyes, S. D. D. and Ricci, F. and Ricker, P. M. M. and Rieger, S. and Riles, K. and Rizzo, M. and Robertson, N. A. A. and Robie, R. and Robinet, F. and Rocchi, A. and Rolland, L. and Rollins, J. G. G. and Roma, V. J. J. and Romano, J. D. D. and Romano, R. and Romel, C. L. L. and Romie, J. H. H. and Rosi{\'{n}}ska, D. and Ross, M. P. P. and Rowan, S. and R{\"{u}}diger, A. and Ruggi, P. and Rutins, G. and Ryan, K. and Sachdev, S. and Sadecki, T. and Sadeghian, L. and Sakellariadou, M. and Salconi, L. and Saleem, M. and Salemi, F. and Samajdar, A. and Sammut, L. and Sampson, L. M. M. and Sanchez, E. J. J. and Sanchez, L. E. E. and Sanchis-Gual, N. and Sandberg, V. and Sanders, J. R. R. and Sassolas, B. and Sathyaprakash, B. S. S. and Saulson, P. R. R. and Sauter, O. and Savage, R. L. L. and Sawadsky, A. and Schale, P. and Scheel, M. and Scheuer, J. and Schmidt, J. and Schmidt, P. and Schnabel, R. and Schofield, R. M. S. M.S. and Sch{\"{o}}nbeck, A. and Schreiber, E. and Schuette, D. and Schulte, B. W. W. and Schutz, B. F. F. and Schwalbe, S. G. G. and Scott, J. and Scott, S. M. M. and Seidel, E. and Sellers, D. and Sengupta, A. S. S. and Sentenac, D. and Sequino, V. and Sergeev, A. and Shaddock, D. A. A. and Shaffer, T. J. J. and Shah, A. A. A. and Shahriar, M. S. S. and Shaner, M. B. B. and Shao, L. and Shapiro, B. and Shawhan, P. and Sheperd, A. and Shoemaker, D. H. M. D. M. H. and Shoemaker, D. H. M. D. M. H. and Siellez, K. and Siemens, X. and Sieniawska, M. and Sigg, D. and Silva, A. D. D. and Singer, L. P. P. and Singh, A. and Singhal, A. and Sintes, A. M. M. and Slagmolen, B. J. J. J.J. and Smith, B. and Smith, J. R. R. and Smith, R. J. E. J.E. and Somala, S. and Son, E. J. J. and Sonnenberg, J. A. A. and Sorazu, B. and Sorrentino, F. and Souradeep, T. and Spencer, A. P. P. and Srivastava, A. K. K. and Staats, K. and Staley, A. and Steinke, M. and Steinlechner, J. and Steinlechner, S. and Steinmeyer, D. and Stevenson, S. P. P. and Stone, R. and Stops, D. J. J. and Strain, K. A. A. and Stratta, G. and Strigin, S. E. E. and Strunk, A. and Sturani, R. and Stuver, A. L. L. and Summerscales, T. Z. Z. and Sun, L. and Sunil, S. and Suresh, J. and Sutton, P. J. J. and Swinkels, B. L. L. and Szczepa{\'{n}}czyk, M. J. J. and Tacca, M. and Tait, S. C. C. and Talbot, C. and Talukder, D. and Tanner, D. B. B. and T{\'{a}}pai, M. and Taracchini, A. and Tasson, J. D. D. and Taylor, J. A. A. and Taylor, R. and Tewari, S. V. V. and Theeg, T. and Thies, F. and Thomas, E. G. G. and Thomas, M. and Thomas, P. and Thorne, K. A. S. A. K. S. and Thorne, K. A. S. A. K. S. and Thrane, E. and Tiwari, S. and Tiwari, V. and Tokmakov, K. V. V. and Toland, K. and Tonelli, M. and Tornasi, Z. and Torres-Forn{\'{e}}, A. and Torrie, C. I. I. and T{\"{o}}yr{\"{a}}, D. and Travasso, F. and Traylor, G. and Trinastic, J. and Tringali, M. C. C. and Trozzo, L. and Tsang, K. W. W. and Tse, M. and Tso, R. and Tsukada, L. and Tsuna, D. and Tuyenbayev, D. and Ueno, K. and Ugolini, D. and Unnikrishnan, C. S. S. and Urban, A. L. L. and Usman, S. A. A. and Vahlbruch, H. and Vajente, G. and Valdes, G. and Vallisneri, M. and van Bakel, N. and Van Beuzekom, M. and van den Brand, J. F. J. F.J. and Van Den Broeck, C. and Vander-Hyde, D. C. C. and van der Schaaf, L. and Van Heijningen, J. V. V. and Van Veggel, A. A. A. and Vardaro, M. and Varma, V. and Vass, S. and Vas{\'{u}}th, M. and Vecchio, A. and Vedovato, G. and Veitch, J. and Veitch, P. J. J. and Venkateswara, K. and Venugopalan, G. and Verkindt, D. and Vetrano, F. and Vicer{\'{e}}, A. and Viets, A. D. D. and Vinciguerra, S. and Vine, D. J. J. and Vinet, J.-Y. Y. and Vitale, S. and Vo, T. and Vocca, H. and Vorvick, C. and Vyatchanin, S. P. P. and Wade, A. R. R. and Wade, L. E. E. and Wade, M. and Walet, R. and Walker, M. and Wallace, L. and Walsh, S. and Wang, G. and Wang, H. and Wang, J. Z. Z. and Wang, W. H. H. and Wang, Y. F. F. and Ward, R. L. L. and Warner, J. and Was, M. and Watchi, J. and Weaver, B. and Wei, L.-W. W. and Weinert, M. and Weinstein, A. J. J. and Weiss, R. and Wen, L. and Wessel, E. K. K. and We{\ss}els, P. and Westerweck, J. and Westphal, T. and Wette, K. and Whelan, J. T. T. and Whitcomb, S. E. E. and Whiting, B. F. F. and Whittle, C. and Wilken, D. and Williams, D. and Williams, R. D. D. and Williamson, A. R. R. and Willis, J. L. L. and Willke, B. and Wimmer, M. H. H. and Winkler, W. and Wipf, C. C. C. and Wittel, H. and Woan, G. and Woehler, J. and Wofford, J. and Wong, K. W. K. W.K. and Worden, J. and Wright, J. L. L. and Wu, D. S. S. and Wysocki, D. M. M. and Xiao, S. and Yamamoto, H. and Yancey, C. C. C. and Yang, L. and Yap, M. J. J. and Yazback, M. and Yu, Hang Haocun Hang and Yu, Hang Haocun Hang and Yvert, M. and Zadro{\.{z}}ny, A. and Zanolin, M. and Zelenova, T. and Zendri, J.-P. P. and Zevin, M. and Zhang, L. and Zhang, M. and Zhang, T. and Zhang, Y.-H. H. and Zhao, C. and Zhou, M. and Zhou, Z. and Zhu, S. J. J. and Zhu, X. J. J. and Zimmerman, A. B. B. and Zucker, M. E. E. and Zweizig, J.},
    number = {16},
    month = {10},
    pages = {161101},
    volume = {119},
    publisher = {American Physical Society},
    url = {https://link.aps.org/doi/10.1103/PhysRevLett.119.161101},
    doi = {10.1103/PhysRevLett.119.161101},
    issn = {10797114}
}

@misc{Krizhevsky2012,
    title = {{Handbook of approximation algorithms and metaheuristics}},
    year = {2007},
    booktitle = {Handbook of Approximation Algorithms and Metaheuristics},
    author = {Gonzalez, Teofilo F.},
    pages = {1--1432},
    url = {http://papers.nips.cc/paper/4824-imagenet-classification-with-deep-convolutional-neural-networks},
    isbn = {9781420010749},
    doi = {10.1201/9781420010749}
}

@article{Abbott2009,
    title = {{LIGO: The laser interferometer gravitational-wave observatory}},
    year = {2009},
    journal = {Reports on Progress in Physics},
    author = {Abbott, B. P. and Abbott, R. and Adhikari, R. and Ajith, P. and Allen, B. and Allen, G. and Amin, R. S. and Anderson, S. B. and Anderson, W. G. and Arain, M. A. and Araya, M. and Armandula, H. and Armor, P. and Aso, Y. and Aston, S. and Aufmuth, P. and Aulbert, C. and Babak, S. and Baker, P. and Ballmer, S. and Barker, C. and Barker, D. and Barr, B. and Barriga, P. and Barsotti, L. and Barton, M. A. and Bartos, I. and Bassiri, R. and Bastarrika, M. and Behnke, B. and Benacquista, M. and Betzwieser, J. and Beyersdorf, P. T. and Bilenko, I. A. and Billingsley, G. and Biswas, R. and Black, E. and Blackburn, J. K. and Blackburn, L. and Blair, D. and Bland, B. and Bodiya, T. P. and Bogue, L. and Bork, R. and Boschi, V. and Bose, S. and Brady, P. R. and Braginsky, V. B. and Brau, J. E. and Bridges, D. O. and Brinkmann, M. and Brooks, A. F. and Brown, D. A. and Brummit, A. and Brunet, G. and Bullington, A. and Buonanno, A. and Burmeister, O. and Byer, R. L. and Cadonati, L. and Camp, J. B. and Cannizzo, J. and Cannon, K. C. and Cao, J. and Cardenas, L. and Caride, S. and Castaldi, G. and Caudill, S. and Cavagli, M. and Cepeda, C. and Chalermsongsak, T. and Chalkley, E. and Charlton, P. and Chatterji, S. and Chelkowski, S. and Chen, Y. and Christensen, N. and Chung, C. T.Y. and Clark, D. and Clark, J. and Clayton, J. H. and Cokelaer, T. and Colacino, C. N. and Conte, R. and Cook, D. and Corbitt, T. R.C. and Cornish, N. and Coward, D. and Coyne, D. C. and Creighton, J. D.E. and Creighton, T. D. and Cruise, A. M. and Culter, R. M. and Cumming, A. and Cunningham, L. and Danilishin, S. L. and Danzmann, K. and Daudert, B. and Davies, G. and Daw, E. J. and Debra, D. and Degallaix, J. and Dergachev, V. and Desai, S. and Desalvo, R. and Dhurandhar, S. and D{\'{i}}az, M. and Dietz, A. and Donovan, F. and Dooley, K. L. and Doomes, E. E. and Drever, R. W.P. and Dueck, J. and Duke, I. and Dumas, J. C. and Dwyer, J. G. and Echols, C. and Edgar, M. and Effler, A. and Ehrens, P. and Espinoza, E. and Etzel, T. and Evans, M. and Evans, T. and Fairhurst, S. and Faltas, Y. and Fan, Y. and Fazi, D. and Fehrmenn, H. and Finn, L. S. and Flasch, K. and Foley, S. and Forrest, C. and Fotopoulos, N. and Franzen, A. and Frede, M. and Frei, M. and Frei, Z. and Freise, A. and Frey, R. and Fricke, T. and Fritschel, P. and Frolov, V. V. and Fyffe, M. and Galdi, V. and Garofoli, J. A. and Gholami, I. and Giaime, J. A. and Giampanis, S. and Giardina, K. D. and Goda, K. and Goetz, E. and Goggin, L. M. and Gonzlez, G. and Gorodetsky, M. L. and Goler, S. and Gouaty, R. and Grant, A. and Gras, S. and Gray, C. and Gray, M. and Greenhalgh, R. J.S. and Gretarsson, A. M. and Grimaldi, F. and Grosso, R. and Grote, H. and Grunewald, S. and Guenther, M. and Gustafson, E. K. and Gustafson, R. and Hage, B. and Hallam, J. M. and Hammer, D. and Hammond, G. D. and Hanna, C. and Hanson, J. and Harms, J. and Harry, G. M. and Harry, I. W. and Harstad, E. D. and Haughian, K. and Hayama, K. and Heefner, J. and Heng, I. S. and Heptonstall, A. and Hewitson, M. and Hild, S. and Hirose, E. and Hoak, D. and Hodge, K. A. and Holt, K. and Hosken, D. J. and Hough, J. and Hoyland, D. and Hughey, B. and Huttner, S. H. and Ingram, D. R. and Isogai, T. and Ito, M. and Ivanov, A. and Johnson, B. and Johnson, W. W. and Jones, D. I. and Jones, G. and Jones, R. and Ju, L. and Kalmus, P. and Kalogera, V. and Kandhasamy, S. and Kanner, J. and Kasprzyk, D. and Katsavounidis, E. and Kawabe, K. and Kawamura, S. and Kawazoe, F. and Kells, W. and Keppel, D. G. and Khalaidovski, A. and Khalili, F. Y. and Khan, R. and Khazanov, E. and King, P. and Kissel, J. S. and Klimenko, S. and Kokeyama, K. and Kondrashov, V. and Kopparapu, R. and Koranda, S. and Kozak, D. and Krishnan, B. and Kumar, R. and Kwee, P. and Lam, P. K. and Landry, M. and Lantz, B. and Lazzarini, A. and Lei, H. and Lei, M. and Leindecker, N. and Leonor, I. and Li, C. and Lin, H. and Lindquist, P. E. and Littenberg, T. B. and Lockerbie, N. A. and Lodhia, D. and Longo, M. and Lormand, M. and Lu, P. and Lubinski, M. and Lucianetti, A. and L{\"{u}}ck, H. and MacHenschalk, B. and MacInnis, M. and Mageswaran, M. and Mailand, K. and Mandel, I. and Mandic, V. and Mrka, S. and Mrka, Z. and Markosyan, A. and Markowitz, J. and Maros, E. and Martin, I. W. and Martin, R. M. and Marx, J. N. and Mason, K. and Matichard, F. and Matone, L. and Matzner, R. A. and Mavalvala, N. and McCarthy, R. and McClelland, D. E. and McGuire, S. C. and McHugh, M. and McIntyre, G. and McKechan, D. J.A. and McKenzie, K. and Mehmet, M. and Melatos, A. and Melissinos, A. C. and Men{\'{e}}ndez, D. F. and Mendell, G. and Mercer, R. A. and Meshkov, S. and Messenger, C. and Meyer, M. S. and Miller, J. and Minelli, J. and Mino, Y. and Mitrofanov, V. P. and Mitselmakher, G. and Mittleman, R. and Miyakawa, O. and Moe, B. and Mohanty, S. D. and Mohapatra, S. R.P. and Moreno, G. and Morioka, T. and Mors, K. and Mossavi, K. and Mowlowry, C. and Mueller, G. and M{\"{u}}ller-Ebhardt, H. and Muhammad, D. and Mukherjee, S. and Mukhopadhyay, H. and Mullavey, A. and Munch, J. and Murray, P. G. and Myers, E. and Myers, J. and Nash, T. and Nelson, J. and Newton, G. and Nishizawa, A. and Numata, K. and O'Dell, J. and O'Reilly, B. and O'Shaughnessy, R. and Ochsner, E. and Ogin, G. H. and Ottaway, D. J. and Ottens, R. S. and Overmier, H. and Owen, B. J. and Pan, Y. and Pankow, C. and Papa, M. A. and Parameshwaraiah, V. and Patel, P. and Pedraza, M. and Penn, S. and Perraca, A. and Pierro, V. and Pinto, I. M. and Pitkin, M. and Pletsch, H. J. and Plissi, M. V. and Postiglione, F. and Principe, M. and Prix, R. and Prokhorov, L. and Punken, O. and Quetschke, V. and Raab, F. J. and Rabeling, D. S. and Radkins, H. and Raffai, P. and Raics, Z. and Rainer, N. and Rakhmanov, M. and Raymond, V. and Reed, C. M. and Reed, T. and Rehbein, H. and Reid, S. and Reitze, D. H. and Riesen, R. and Riles, K. and Rivera, B. and Roberts, P. and Robertson, N. A. and Robinson, C. and Robinson, E. L. and Roddy, S. and R{\"{o}}ver, C. and Rollins, J. and Romano, J. D. and Romie, J. H. and Rowan, S. and R{\"{u}}diger, A. and Russell, P. and Ryan, K. and Sakata, S. and De La Jordana, L. Sancho and Sandberg, V. and Sannibale, V. and Santamar{\'{i}}a, L. and Saraf, S. and Sarin, P. and Sathyaprakash, B. S. and Sato, S. and Satterthwaite, M. and Saulson, P. R. and Savage, R. and Savov, P. and Scanlan, M. and Schilling, R. and Schnabel, R. and Schofield, R. and Schulz, B. and Schutz, B. F. and Schwinberg, P. and Scott, J. and Scott, S. M. and Searle, A. C. and Sears, B. and Seifert, F. and Sellers, D. and Sengupta, A. S. and Sergeev, A. and Shapiro, B. and Shawhan, P. and Shoemaker, D. H. and Sibley, A. and Siemens, X. and Sigg, D. and Sinha, S. and Sintes, A. M. and Slagmolen, B. J.J. and Slutsky, J. and Smith, J. R. and Smith, M. R. and Smith, N. D. and Somiya, K. and Sorazu, B. and Stein, A. and Stein, L. C. and Steplewski, S. and Stochino, A. and Stone, R. and Strain, K. A. and Strigin, S. and Stroeer, A. and Stuver, A. L. and Summerscales, T. Z. and Sun, K. X. and Sung, M. and Sutton, P. J. and Szokoly, G. P. and Talukder, D. and Tang, L. and Tanner, D. B. and Tarabrin, S. P. and Taylor, J. R. and Taylor, R. and Thacker, J. and Thorne, K. A. and Th{\"{u}}ring, A. and Tokmakov, K. V. and Torres, C. and Torrie, C. and Traylor, G. and Trias, M. and Ugolini, D. and Ulmen, J. and Urbanek, K. and Vahlbruch, H. and Vallisneri, M. and Broeck, C. Van Den and Van Der Sluys, M. V. and Van Veggel, A. A. and Vass, S. and Vaulin, R. and Vecchio, A. and Veitch, J. and Veitch, P. and Veltkamp, C. and Villar, A. and Vorvick, C. and Vyachanin, S. P. and Waldman, S. J. and Wallace, L. and Ward, R. L. and Weidner, A. and Weinert, M. and Weinstein, A. J. and Weiss, R. and Wen, L. and Wen, S. and Wette, K. and Whelan, J. T. and Whitcomb, S. E. and Whiting, B. F. and Wilkinson, C. and Willems, P. A. and Williams, H. R. and Williams, L. and Willke, B. and Wilmut, I. and Winkelmann, L. and Winkler, W. and Wipf, C. C. and Wiseman, A. G. and Woan, G. and Wooley, R. and Worden, J. and Wu, W. and Yakushin, I. and Yamamoto, H. and Yan, Z. and Yoshida, S. and Zanolin, M. and Zhang, J. and Zhang, L. and Zhao, C. and Zotov, N. and Zucker, M. E. and M{\"{u}}hlen, H. Zur and Zweizig, J.},
    number = {7},
    month = {7},
    pages = {076901},
    volume = {72},
    publisher = {IOP Publishing},
    url = {http://stacks.iop.org/0034-4885/72/i=7/a=076901?key=crossref.669f7c34d7d28503fd7f84b53db6048f},
    isbn = {0034-4885},
    doi = {10.1088/0034-4885/72/7/076901},
    issn = {00344885},
    pmid = {17743108},
    arxivId = {0711.3041}
}

@article{Gabbard2018,
    title = {{Matching Matched Filtering with Deep Networks for Gravitational-Wave Astronomy}},
    year = {2018},
    journal = {Physical Review Letters},
    author = {Gabbard, Hunter and Williams, Michael and Hayes, Fergus and Messenger, Chris},
    number = {14},
    month = {4},
    pages = {141103},
    volume = {120},
    publisher = {American Physical Society},
    url = {https://link.aps.org/doi/10.1103/PhysRevLett.120.141103},
    doi = {10.1103/PhysRevLett.120.141103},
    issn = {10797114},
    arxivId = {1712.06041}
}

@article{Fukushima1980,
    title = {{Neocognitron: A self-organizing neural network model for a mechanism of pattern recognition unaffected by shift in position}},
    year = {1980},
    journal = {Biological Cybernetics},
    author = {Fukushima, Kunihiko},
    number = {4},
    month = {4},
    pages = {193--202},
    volume = {36},
    publisher = {Springer-Verlag},
    url = {http://link.springer.com/10.1007/BF00344251},
    doi = {10.1007/BF00344251},
    issn = {03401200},
    pmid = {7370364}
}

@article{Abbott2016,
    title = {{Observation of gravitational waves from a binary black hole merger}},
    year = {2016},
    journal = {Physical Review Letters},
    author = {Abbott, B. P. and Abbott, R. and Abbott, T. D. and Abernathy, M. R. and Acernese, F. and Ackley, K. and Adams, C. and Adams, T. and Addesso, P. and Adhikari, R. X. and Adya, V. B. and Affeldt, C. and Agathos, M. and Agatsuma, K. and Aggarwal, N. and Aguiar, O. D. and Aiello, L. and Ain, A. and Ajith, P. and Allen, B. and Allocca, A. and Altin, P. A. and Anderson, S. B. and Anderson, W. G. and Arai, K. and Arain, M. A. and Araya, M. C. and Arceneaux, C. C. and Areeda, J. S. and Arnaud, N. and Arun, K. G. and Ascenzi, S. and Ashton, G. and Ast, M. and Aston, S. M. and Astone, P. and Aufmuth, P. and Aulbert, C. and Babak, S. and Bacon, P. and Bader, M. K.M. and Baker, P. T. and Baldaccini, F. and Ballardin, G. and Ballmer, S. W. and Barayoga, J. C. and Barclay, S. E. and Barish, B. C. and Barker, D. and Barone, F. and Barr, B. and Barsotti, L. and Barsuglia, M. and Barta, D. and Bartlett, J. and Barton, M. A. and Bartos, I. and Bassiri, R. and Basti, A. and Batch, J. C. and Baune, C. and Bavigadda, V. and Bazzan, M. and Behnke, B. and Bejger, M. and Belczynski, C. and Bell, A. S. and Bell, C. J. and Berger, B. K. and Bergman, J. and Bergmann, G. and Berry, C. P.L. and Bersanetti, D. and Bertolini, A. and Betzwieser, J. and Bhagwat, S. and Bhandare, R. and Bilenko, I. A. and Billingsley, G. and Birch, J. and Birney, R. and Birnholtz, O. and Biscans, S. and Bisht, A. and Bitossi, M. and Biwer, C. and Bizouard, M. A. and Blackburn, J. K. and Blair, C. D. and Blair, D. G. and Blair, R. M. and Bloemen, S. and Bock, O. and Bodiya, T. P. and Boer, M. and Bogaert, G. and Bogan, C. and Bohe, A. and Bojtos, P. and Bond, C. and Bondu, F. and Bonnand, R. and Boom, B. A. and Bork, R. and Boschi, V. and Bose, S. and Bouffanais, Y. and Bozzi, A. and Bradaschia, C. and Brady, P. R. and Braginsky, V. B. and Branchesi, M. and Brau, J. E. and Briant, T. and Brillet, A. and Brinkmann, M. and Brisson, V. and Brockill, P. and Brooks, A. F. and Brown, D. A. and Brown, D. D. and Brown, N. M. and Buchanan, C. C. and Buikema, A. and Bulik, T. and Bulten, H. J. and Buonanno, A. and Buskulic, D. and Buy, C. and Byer, R. L. and Cabero, M. and Cadonati, L. and Cagnoli, G. and Cahillane, C. and Bustillo, J. Calderón and Callister, T. and Calloni, E. and Camp, J. B. and Cannon, K. C. and Cao, J. and Capano, C. D. and Capocasa, E. and Carbognani, F. and Caride, S. and Diaz, J. Casanueva and Casentini, C. and Caudill, S. and Cavagli{\`{a}}, M. and Cavalier, F. and Cavalieri, R. and Cella, G. and Cepeda, C. B. and Baiardi, L. Cerboni and Cerretani, G. and Cesarini, E. and Chakraborty, R. and Chalermsongsak, T. and Chamberlin, S. J. and Chan, M. and Chao, S. and Charlton, P. and Chassande-Mottin, E. and Chen, H. Y. and Chen, Y. and Cheng, C. and Chincarini, A. and Chiummo, A. and Cho, H. S. and Cho, M. and Chow, J. H. and Christensen, N. and Chu, Q. and Chua, S. and Chung, S. and Ciani, G. and Clara, F. and Clark, J. A. and Cleva, F. and Coccia, E. and Cohadon, P. F. and Colla, A. and Collette, C. G. and Cominsky, L. and Constancio, M. and Conte, A. and Conti, L. and Cook, D. and Corbitt, T. R. and Cornish, N. and Corsi, A. and Cortese, S. and Costa, C. A. and Coughlin, M. W. and Coughlin, S. B. and Coulon, J. P. and Countryman, S. T. and Couvares, P. and Cowan, E. E. and Coward, D. M. and Cowart, M. J. and Coyne, D. C. and Coyne, R. and Craig, K. and Creighton, J. D.E. and Creighton, T. D. and Cripe, J. and Crowder, S. G. and Cruise, A. M. and Cumming, A. and Cunningham, L. and Cuoco, E. and Canton, T. Dal and Danilishin, S. L. and D'Antonio, S. and Danzmann, K. and Darman, N. S. and Da Silva Costa, C. F. and Dattilo, V. and Dave, I. and Daveloza, H. P. and Davier, M. and Davies, G. S. and Daw, E. J. and Day, R. and De, S. and Debra, D. and Debreczeni, G. and Degallaix, J. and De Laurentis, M. and Del{\'{e}}glise, S. and Del Pozzo, W. and Denker, T. and Dent, T. and Dereli, H. and Dergachev, V. and Derosa, R. T. and De Rosa, R. and Desalvo, R. and Dhurandhar, S. and D{\'{i}}az, M. C. and Di Fiore, L. and Di Giovanni, M. and Di Lieto, A. and Di Pace, S. and Di Palma, I. and Di Virgilio, A. and Dojcinoski, G. and Dolique, V. and Donovan, F. and Dooley, K. L. and Doravari, S. and Douglas, R. and Downes, T. P. and Drago, M. and Drever, R. W.P. and Driggers, J. C. and Du, Z. and Ducrot, M. and Dwyer, S. E. and Edo, T. B. and Edwards, M. C. and Effler, A. and Eggenstein, H. B. and Ehrens, P. and Eichholz, J. and Eikenberry, S. S. and Engels, W. and Essick, R. C. and Etzel, T. and Evans, M. and Evans, T. M. and Everett, R. and Factourovich, M. and Fafone, V. and Fair, H. and Fairhurst, S. and Fan, X. and Fang, Q. and Farinon, S. and Farr, B. and Farr, W. M. and Favata, M. and Fays, M. and Fehrmann, H. and Fejer, M. M. and Feldbaum, D. and Ferrante, I. and Ferreira, E. C. and Ferrini, F. and Fidecaro, F. and Finn, L. S. and Fiori, I. and Fiorucci, D. and Fisher, R. P. and Flaminio, R. and Fletcher, M. and Fong, H. and Fournier, J. D. and Franco, S. and Frasca, S. and Frasconi, F. and Frede, M. and Frei, Z. and Freise, A. and Frey, R. and Frey, V. and Fricke, T. T. and Fritschel, P. and Frolov, V. V. and Fulda, P. and Fyffe, M. and Gabbard, H. A.G. and Gair, J. R. and Gammaitoni, L. and Gaonkar, S. G. and Garufi, F. and Gatto, A. and Gaur, G. and Gehrels, N. and Gemme, G. and Gendre, B. and Genin, E. and Gennai, A. and George, J. and Gergely, L. and Germain, V. and Ghosh, Abhirup and Ghosh, Archisman and Ghosh, S. and Giaime, J. A. and Giardina, K. D. and Giazotto, A. and Gill, K. and Glaefke, A. and Gleason, J. R. and Goetz, E. and Goetz, R. and Gondan, L. and Gonz{\'{a}}lez, G. and Castro, J. M.Gonzalez and Gopakumar, A. and Gordon, N. A. and Gorodetsky, M. L. and Gossan, S. E. and Gosselin, M. and Gouaty, R. and Graef, C. and Graff, P. B. and Granata, M. and Grant, A. and Gras, S. and Gray, C. and Greco, G. and Green, A. C. and Greenhalgh, R. J.S. and Groot, P. and Grote, H. and Grunewald, S. and Guidi, G. M. and Guo, X. and Gupta, A. and Gupta, M. K. and Gushwa, K. E. and Gustafson, E. K. and Gustafson, R. and Hacker, J. J. and Hall, B. R. and Hall, E. D. and Hammond, G. and Haney, M. and Hanke, M. M. and Hanks, J. and Hanna, C. and Hannam, M. D. and Hanson, J. and Hardwick, T. and Harms, J. and Harry, G. M. and Harry, I. W. and Hart, M. J. and Hartman, M. T. and Haster, C. J. and Haughian, K. and Healy, J. and Heefner, J. and Heidmann, A. and Heintze, M. C. and Heinzel, G. and Heitmann, H. and Hello, P. and Hemming, G. and Hendry, M. and Heng, I. S. and Hennig, J. and Heptonstall, A. W. and Heurs, M. and Hild, S. and Hoak, D. and Hodge, K. A. and Hofman, D. and Hollitt, S. E. and Holt, K. and Holz, D. E. and Hopkins, P. and Hosken, D. J. and Hough, J. and Houston, E. A. and Howell, E. J. and Hu, Y. M. and Huang, S. and Huerta, E. A. and Huet, D. and Hughey, B. and Husa, S. and Huttner, S. H. and Huynh-Dinh, T. and Idrisy, A. and Indik, N. and Ingram, D. R. and Inta, R. and Isa, H. N. and Isac, J. M. and Isi, M. and Islas, G. and Isogai, T. and Iyer, B. R. and Izumi, K. and Jacobson, M. B. and Jacqmin, T. and Jang, H. and Jani, K. and Jaranowski, P. and Jawahar, S. and Jim{\'{e}}nez-Forteza, F. and Johnson, W. W. and Johnson-Mcdaniel, N. K. and Jones, D. I. and Jones, R. and Jonker, R. J.G. and Ju, L. and Haris, K. and Kalaghatgi, C. V. and Kalogera, V. and Kandhasamy, S. and Kang, G. and Kanner, J. B. and Karki, S. and Kasprzack, M. and Katsavounidis, E. and Katzman, W. and Kaufer, S. and Kaur, T. and Kawabe, K. and Kawazoe, F. and K{\'{e}}f{\'{e}}lian, F. and Kehl, M. S. and Keitel, D. and Kelley, D. B. and Kells, W. and Kennedy, R. and Keppel, D. G. and Key, J. S. and Khalaidovski, A. and Khalili, F. Y. and Khan, I. and Khan, S. and Khan, Z. and Khazanov, E. A. and Kijbunchoo, N. and Kim, C. and Kim, J. and Kim, K. and Kim, Nam Gyu and Kim, Namjun and Kim, Y. M. and King, E. J. and King, P. J. and Kinzel, D. L. and Kissel, J. S. and Kleybolte, L. and Klimenko, S. and Koehlenbeck, S. M. and Kokeyama, K. and Koley, S. and Kondrashov, V. and Kontos, A. and Koranda, S. and Korobko, M. and Korth, W. Z. and Kowalska, I. and Kozak, D. B. and Kringel, V. and Krishnan, B. and Kr{\'{o}}lak, A. and Krueger, C. and Kuehn, G. and Kumar, P. and Kumar, R. and Kuo, L. and Kutynia, A. and Kwee, P. and Lackey, B. D. and Landry, M. and Lange, J. and Lantz, B. and Lasky, P. D. and Lazzarini, A. and Lazzaro, C. and Leaci, P. and Leavey, S. and Lebigot, E. O. and Lee, C. H. and Lee, H. K. and Lee, H. M. and Lee, K. and Lenon, A. and Leonardi, M. and Leong, J. R. and Leroy, N. and Letendre, N. and Levin, Y. and Levine, B. M. and Li, T. G.F. and Libson, A. and Littenberg, T. B. and Lockerbie, N. A. and Logue, J. and Lombardi, A. L. and London, L. T. and Lord, J. E. and Lorenzini, M. and Loriette, V. and Lormand, M. and Losurdo, G. and Lough, J. D. and Lousto, C. O. and Lovelace, G. and L{\"{u}}ck, H. and Lundgren, A. P. and Luo, J. and Lynch, R. and Ma, Y. and Macdonald, T. and Machenschalk, B. and Macinnis, M. and Macleod, D. M. and Maga{\~{n}}a-Sandoval, F. and Magee, R. M. and Mageswaran, M. and Majorana, E. and Maksimovic, I. and Malvezzi, V. and Man, N. and Mandel, I. and Mandic, V. and Mangano, V. and Mansell, G. L. and Manske, M. and Mantovani, M. and Marchesoni, F. and Marion, F. and M{\'{a}}rka, S. and M{\'{a}}rka, Z. and Markosyan, A. S. and Maros, E. and Martelli, F. and Martellini, L. and Martin, I. W. and Martin, R. M. and Martynov, D. V. and Marx, J. N. and Mason, K. and Masserot, A. and Massinger, T. J. and Masso-Reid, M. and Matichard, F. and Matone, L. and Mavalvala, N. and Mazumder, N. and Mazzolo, G. and McCarthy, R. and McClelland, D. E. and McCormick, S. and McGuire, S. C. and McIntyre, G. and McIver, J. and McManus, D. J. and McWilliams, S. T. and Meacher, D. and Meadors, G. D. and Meidam, J. and Melatos, A. and Mendell, G. and Mendoza-Gandara, D. and Mercer, R. A. and Merilh, E. and Merzougui, M. and Meshkov, S. and Messenger, C. and Messick, C. and Meyers, P. M. and Mezzani, F. and Miao, H. and Michel, C. and Middleton, H. and Mikhailov, E. E. and Milano, L. and Miller, J. and Millhouse, M. and Minenkov, Y. and Ming, J. and Mirshekari, S. and Mishra, C. and Mitra, S. and Mitrofanov, V. P. and Mitselmakher, G. and Mittleman, R. and Moggi, A. and Mohan, M. and Mohapatra, S. R.P. and Montani, M. and Moore, B. C. and Moore, C. J. and Moraru, D. and Moreno, G. and Morriss, S. R. and Mossavi, K. and Mours, B. and Mow-Lowry, C. M. and Mueller, C. L. and Mueller, G. and Muir, A. W. and Mukherjee, Arunava and Mukherjee, D. and Mukherjee, S. and Mukund, N. and Mullavey, A. and Munch, J. and Murphy, D. J. and Murray, P. G. and Mytidis, A. and Nardecchia, I. and Naticchioni, L. and Nayak, R. K. and Necula, V. and Nedkova, K. and Nelemans, G. and Neri, M. and Neunzert, A. and Newton, G. and Nguyen, T. T. and Nielsen, A. B. and Nissanke, S. and Nitz, A. and Nocera, F. and Nolting, D. and Normandin, M. E.N. and Nuttall, L. K. and Oberling, J. and Ochsner, E. and O'Dell, J. and Oelker, E. and Ogin, G. H. and Oh, J. J. and Oh, S. H. and Ohme, F. and Oliver, M. and Oppermann, P. and Oram, Richard J. and O'Reilly, B. and O'Shaughnessy, R. and Ott, C. D. and Ottaway, D. J. and Ottens, R. S. and Overmier, H. and Owen, B. J. and Pai, A. and Pai, S. A. and Palamos, J. R. and Palashov, O. and Palomba, C. and Pal-Singh, A. and Pan, H. and Pan, Y. and Pankow, C. and Pannarale, F. and Pant, B. C. and Paoletti, F. and Paoli, A. and Papa, M. A. and Paris, H. R. and Parker, W. and Pascucci, D. and Pasqualetti, A. and Passaquieti, R. and Passuello, D. and Patricelli, B. and Patrick, Z. and Pearlstone, B. L. and Pedraza, M. and Pedurand, R. and Pekowsky, L. and Pele, A. and Penn, S. and Perreca, A. and Pfeiffer, H. P. and Phelps, M. and Piccinni, O. and Pichot, M. and Pickenpack, M. and Piergiovanni, F. and Pierro, V. and Pillant, G. and Pinard, L. and Pinto, I. M. and Pitkin, M. and Poeld, J. H. and Poggiani, R. and Popolizio, P. and Post, A. and Powell, J. and Prasad, J. and Predoi, V. and Premachandra, S. S. and Prestegard, T. and Price, L. R. and Prijatelj, M. and Principe, M. and Privitera, S. and Prix, R. and Prodi, G. A. and Prokhorov, L. and Puncken, O. and Punturo, M. and Puppo, P. and P{\"{u}}rrer, M. and Qi, H. and Qin, J. and Quetschke, V. and Quintero, E. A. and Quitzow-James, R. and Raab, F. J. and Rabeling, D. S. and Radkins, H. and Raffai, P. and Raja, S. and Rakhmanov, M. and Ramet, C. R. and Rapagnani, P. and Raymond, V. and Razzano, M. and Re, V. and Read, J. and Reed, C. M. and Regimbau, T. and Rei, L. and Reid, S. and Reitze, D. H. and Rew, H. and Reyes, S. D. and Ricci, F. and Riles, K. and Robertson, N. A. and Robie, R. and Robinet, F. and Rocchi, A. and Rolland, L. and Rollins, J. G. and Roma, V. J. and Romano, J. D. and Romano, R. and Romanov, G. and Romie, J. H. and Rosi{\'{n}}ska, D. and Rowan, S. and R{\"{u}}diger, A. and Ruggi, P. and Ryan, K. and Sachdev, S. and Sadecki, T. and Sadeghian, L. and Salconi, L. and Saleem, M. and Salemi, F. and Samajdar, A. and Sammut, L. and Sampson, L. M. and Sanchez, E. J. and Sandberg, V. and Sandeen, B. and Sanders, G. H. and Sanders, J. R. and Sassolas, B. and Sathyaprakash, B. S. and Saulson, P. R. and Sauter, O. and Savage, R. L. and Sawadsky, A. and Schale, P. and Schilling, R. and Schmidt, J. and Schmidt, P. and Schnabel, R. and Schofield, R. M.S. and Sch{\"{o}}nbeck, A. and Schreiber, E. and Schuette, D. and Schutz, B. F. and Scott, J. and Scott, S. M. and Sellers, D. and Sengupta, A. S. and Sentenac, D. and Sequino, V. and Sergeev, A. and Serna, G. and Setyawati, Y. and Sevigny, A. and Shaddock, D. A. and Shaffer, T. and Shah, S. and Shahriar, M. S. and Shaltev, M. and Shao, Z. and Shapiro, B. and Shawhan, P. and Sheperd, A. and Shoemaker, D. H. and Shoemaker, D. M. and Siellez, K. and Siemens, X. and Sigg, D. and Silva, A. D. and Simakov, D. and Singer, A. and Singer, L. P. and Singh, A. and Singh, R. and Singhal, A. and Sintes, A. M. and Slagmolen, B. J.J. and Smith, J. R. and Smith, M. R. and Smith, N. D. and Smith, R. J.E. and Son, E. J. and Sorazu, B. and Sorrentino, F. and Souradeep, T. and Srivastava, A. K. and Staley, A. and Steinke, M. and Steinlechner, J. and Steinlechner, S. and Steinmeyer, D. and Stephens, B. C. and Stevenson, S. P. and Stone, R. and Strain, K. A. and Straniero, N. and Stratta, G. and Strauss, N. A. and Strigin, S. and Sturani, R. and Stuver, A. L. and Summerscales, T. Z. and Sun, L. and Sutton, P. J. and Swinkels, B. L. and Szczepa{\'{n}}czyk, M. J. and Tacca, M. and Talukder, D. and Tanner, D. B. and T{\'{a}}pai, M. and Tarabrin, S. P. and Taracchini, A. and Taylor, R. and Theeg, T. and Thirugnanasambandam, M. P. and Thomas, E. G. and Thomas, M. and Thomas, P. and Thorne, K. A. and Thorne, K. S. and Thrane, E. and Tiwari, S. and Tiwari, V. and Tokmakov, K. V. and Tomlinson, C. and Tonelli, M. and Torres, C. V. and Torrie, C. I. and T{\"{o}}yr{\"{a}}, D. and Travasso, F. and Traylor, G. and Trifir{\`{o}}, D. and Tringali, M. C. and Trozzo, L. and Tse, M. and Turconi, M. and Tuyenbayev, D. and Ugolini, D. and Unnikrishnan, C. S. and Urban, A. L. and Usman, S. A. and Vahlbruch, H. and Vajente, G. and Valdes, G. and Vallisneri, M. and Van Bakel, N. and Van Beuzekom, M. and Van Den Brand, J. F.J. and Van Den Broeck, C. and Vander-Hyde, D. C. and Van Der Schaaf, L. and Van Heijningen, J. V. and Van Veggel, A. A. and Vardaro, M. and Vass, S. and Vas{\'{u}}th, M. and Vaulin, R. and Vecchio, A. and Vedovato, G. and Veitch, J. and Veitch, P. J. and Venkateswara, K. and Verkindt, D. and Vetrano, F. and Vicer{\'{e}}, A. and Vinciguerra, S. and Vine, D. J. and Vinet, J. Y. and Vitale, S. and Vo, T. and Vocca, H. and Vorvick, C. and Voss, D. and Vousden, W. D. and Vyatchanin, S. P. and Wade, A. R. and Wade, L. E. and Wade, M. and Waldman, S. J. and Walker, M. and Wallace, L. and Walsh, S. and Wang, G. and Wang, H. and Wang, M. and Wang, X. and Wang, Y. and Ward, H. and Ward, R. L. and Warner, J. and Was, M. and Weaver, B. and Wei, L. W. and Weinert, M. and Weinstein, A. J. and Weiss, R. and Welborn, T. and Wen, L. and We{\ss}els, P. and Westphal, T. and Wette, K. and Whelan, J. T. and Whitcomb, S. E. and White, D. J. and Whiting, B. F. and Wiesner, K. and Wilkinson, C. and Willems, P. A. and Williams, L. and Williams, R. D. and Williamson, A. R. and Willis, J. L. and Willke, B. and Wimmer, M. H. and Winkelmann, L. and Winkler, W. and Wipf, C. C. and Wiseman, A. G. and Wittel, H. and Woan, G. and Worden, J. and Wright, J. L. and Wu, G. and Yablon, J. and Yakushin, I. and Yam, W. and Yamamoto, H. and Yancey, C. C. and Yap, M. J. and Yu, H. and Yvert, M. and Zadro{\.{z}}ny, A. and Zangrando, L. and Zanolin, M. and Zendri, J. P. and Zevin, M. and Zhang, F. and Zhang, L. and Zhang, M. and Zhang, Y. and Zhao, C. and Zhou, M. and Zhou, Z. and Zhu, X. J. and Zucker, M. E. and Zuraw, S. E. and Zweizig, J.},
    number = {6},
    month = {2},
    pages = {061102},
    volume = {116},
    publisher = {American Physical Society},
    url = {https://link.aps.org/doi/10.1103/PhysRevLett.116.061102},
    doi = {10.1103/PhysRevLett.116.061102},
    issn = {10797114},
    pmid = {26918975},
    arxivId = {1602.03837}
}

@article{Waibel1989,
    title = {{Phoneme Recognition Using Time-Delay Neural Networks}},
    year = {1989},
    journal = {IEEE Transactions on Acoustics, Speech, and Signal Processing},
    author = {Waibel, Alexander and Hanazawa, Toshiyuki and Hinton, Geoffrey and Shikano, Kiyohiro and Lang, Kevin J.},
    number = {3},
    month = {3},
    pages = {328--339},
    volume = {37},
    url = {http://ieeexplore.ieee.org/document/21701/},
    doi = {10.1109/29.21701},
    issn = {00963518}
}

@article{Behnke2015,
    title = {{Postprocessing methods used in the search for continuous gravitational-wave signals from the Galactic Center}},
    year = {2015},
    journal = {Physical Review D - Particles, Fields, Gravitation and Cosmology},
    author = {Behnke, Berit and Papa, Maria Alessandra and Prix, Reinhard},
    number = {6},
    month = {3},
    pages = {064007},
    volume = {91},
    publisher = {American Physical Society},
    url = {https://link.aps.org/doi/10.1103/PhysRevD.91.064007},
    doi = {10.1103/PhysRevD.91.064007},
    issn = {15502368},
    arxivId = {1410.5997}
}

@misc{Maas2013,
    title = {{Rectifier nonlinearities improve neural network acoustic models}},
    year = {2013},
    booktitle = {in ICML Workshop on Deep Learning for Audio, Speech and Language Processing},
    author = {Maas, Andrew L and Hannun, Awni Y and Ng, Andrew Y},
    url = {https://www.semanticscholar.org/paper/Rectifier-Nonlinearities-Improve-Neural-Network-Maas/367f2c63a6f6a10b3b64b8729d601e69337ee3cc}
}

@article{Abbott2016a,
    title = {{Results of the deepest all-sky survey for continuous gravitational waves on LIGO S6 data running on the Einstein@Home volunteer distributed computing project}},
    year = {2016},
    journal = {Physical Review D},
    author = {Abbott, B. P. and Abbott, R. and Abbott, T. D. and Abernathy, M. R. and Acernese, F. and Ackley, K. and Adams, C. and Adams, T. and Addesso, P. and Adhikari, R. X. and Adya, V. B. and Affeldt, C. and Agathos, M. and Agatsuma, K. and Aggarwal, N. and Aguiar, O. D. and Aiello, L. and Ain, A. and Allen, B. and Allocca, A. and Altin, P. A. and Anderson, S. B. and Anderson, W. G. and Arai, K. and Araya, M. C. and Arceneaux, C. C. and Areeda, J. S. and Arnaud, N. and Arun, K. G. and Ascenzi, S. and Ashton, G. and Ast, M. and Aston, S. M. and Astone, P. and Aufmuth, P. and Aulbert, C. and Babak, S. and Bacon, P. and Bader, M. K.M. and Baker, P. T. and Baldaccini, F. and Ballardin, G. and Ballmer, S. W. and Barayoga, J. C. and Barclay, S. E. and Barish, B. C. and Barker, D. and Barone, F. and Barr, B. and Barsotti, L. and Barsuglia, M. and Barta, D. and Bartlett, J. and Bartos, I. and Bassiri, R. and Basti, A. and Batch, J. C. and Baune, C. and Bavigadda, V. and Bazzan, M. and Bejger, M. and Bell, A. S. and Berger, B. K. and Bergmann, G. and Berry, C. P.L. and Bersanetti, D. and Bertolini, A. and Betzwieser, J. and Bhagwat, S. and Bhandare, R. and Bilenko, I. A. and Billingsley, G. and Birch, J. and Birney, R. and Biscans, S. and Bisht, A. and Bitossi, M. and Biwer, C. and Bizouard, M. A. and Blackburn, J. K. and Blair, C. D. and Blair, D. G. and Blair, R. M. and Bloemen, S. and Bock, O. and Boer, M. and Bogaert, G. and Bogan, C. and Bohe, A. and Bond, C. and Bondu, F. and Bonnand, R. and Boom, B. A. and Bork, R. and Boschi, V. and Bose, S. and Bouffanais, Y. and Bozzi, A. and Bradaschia, C. and Brady, P. R. and Braginsky, V. B. and Branchesi, M. and Brau, J. E. and Briant, T. and Brillet, A. and Brinkmann, M. and Brisson, V. and Brockill, P. and Broida, J. E. and Brooks, A. F. and Brown, D. A. and Brown, D. D. and Brown, N. M. and Brunett, S. and Buchanan, C. C. and Buikema, A. and Bulik, T. and Bulten, H. J. and Buonanno, A. and Buskulic, D. and Buy, C. and Byer, R. L. and Cabero, M. and Cadonati, L. and Cagnoli, G. and Cahillane, C. and Calder{\'{o}}n Bustillo, J. and Callister, T. and Calloni, E. and Camp, J. B. and Cannon, K. C. and Cao, J. and Capano, C. D. and Capocasa, E. and Carbognani, F. and Caride, S. and Casanueva Diaz, J. and Casentini, C. and Caudill, S. and Cavagli{\`{a}}, M. and Cavalier, F. and Cavalieri, R. and Cella, G. and Cepeda, C. B. and Cerboni Baiardi, L. and Cerretani, G. and Cesarini, E. and Chamberlin, S. J. and Chan, M. and Chao, S. and Charlton, P. and Chassande-Mottin, E. and Cheeseboro, B. D. and Chen, H. Y. and Chen, Y. and Cheng, C. and Chincarini, A. and Chiummo, A. and Cho, H. S. and Cho, M. and Chow, J. H. and Christensen, N. and Chu, Q. and Chua, S. and Chung, S. and Ciani, G. and Clara, F. and Clark, J. A. and Cleva, F. and Coccia, E. and Cohadon, P. F. and Colla, A. and Collette, C. G. and Cominsky, L. and Constancio, M. and Conte, A. and Conti, L. and Cook, D. and Corbitt, T. R. and Cornish, N. and Corsi, A. and Cortese, S. and Costa, C. A. and Coughlin, M. W. and Coughlin, S. B. and Coulon, J. P. and Countryman, S. T. and Couvares, P. and Cowan, E. E. and Coward, D. M. and Cowart, M. J. and Coyne, D. C. and Coyne, R. and Craig, K. and Creighton, J. D.E. and Creighton, T. D. and Cripe, J. and Crowder, S. G. and Cumming, A. and Cunningham, L. and Cuoco, E. and Dal Canton, T. and Danilishin, S. L. and D'Antonio, S. and Danzmann, K. and Darman, N. S. and Dasgupta, A. and Da Silva Costa, C. F. and Dattilo, V. and Dave, I. and Davier, M. and Davies, G. S. and Daw, E. J. and Day, R. and De, S. and Debra, D. and Debreczeni, G. and Degallaix, J. and De Laurentis, M. and Del{\'{e}}glise, S. and Del Pozzo, W. and Denker, T. and Dent, T. and Dergachev, V. and De Rosa, R. and Derosa, R. T. and Desalvo, R. and Devine, R. C. and Dhurandhar, S. and D{\'{i}}az, M. C. and Di Fiore, L. and Di Giovanni, M. and Di Girolamo, T. and Di Lieto, A. and Di Pace, S. and Di Palma, I. and Di Virgilio, A. and Dolique, V. and Donovan, F. and Dooley, K. L. and Doravari, S. and Douglas, R. and Downes, T. P. and Drago, M. and Drever, R. W.P. and Driggers, J. C. and Ducrot, M. and Dwyer, S. E. and Edo, T. B. and Edwards, M. C. and Effler, A. and Eggenstein, H. B. and Ehrens, P. and Eichholz, J. and Eikenberry, S. S. and Engels, W. and Essick, R. C. and Etzel, T. and Evans, M. and Evans, T. M. and Everett, R. and Factourovich, M. and Fafone, V. and Fair, H. and Fairhurst, S. and Fan, X. and Fang, Q. and Farinon, S. and Farr, B. and Farr, W. M. and Favata, M. and Fays, M. and Fehrmann, H. and Fejer, M. M. and Fenyvesi, E. and Ferrante, I. and Ferreira, E. C. and Ferrini, F. and Fidecaro, F. and Fiori, I. and Fiorucci, D. and Fisher, R. P. and Flaminio, R. and Fletcher, M. and Fournier, J. D. and Frasca, S. and Frasconi, F. and Frei, Z. and Freise, A. and Frey, R. and Frey, V. and Fritschel, P. and Frolov, V. V. and Fulda, P. and Fyffe, M. and Gabbard, H. A.G. and Gair, J. R. and Gammaitoni, L. and Gaonkar, S. G. and Garufi, F. and Gaur, G. and Gehrels, N. and Gemme, G. and Geng, P. and Genin, E. and Gennai, A. and George, J. and Gergely, L. and Germain, V. and Ghosh, Abhirup and Ghosh, Archisman and Ghosh, S. and Giaime, J. A. and Giardina, K. D. and Giazotto, A. and Gill, K. and Glaefke, A. and Goetz, E. and Goetz, R. and Gondan, L. and Gonz{\'{a}}lez, G. and Gonzalez Castro, J. M. and Gopakumar, A. and Gordon, N. A. and Gorodetsky, M. L. and Gossan, S. E. and Gosselin, M. and Gouaty, R. and Grado, A. and Graef, C. and Graff, P. B. and Granata, M. and Grant, A. and Gras, S. and Gray, C. and Greco, G. and Green, A. C. and Groot, P. and Grote, H. and Grunewald, S. and Guidi, G. M. and Guo, X. and Gupta, A. and Gupta, M. K. and Gushwa, K. E. and Gustafson, E. K. and Gustafson, R. and Hacker, J. J. and Hall, B. R. and Hall, E. D. and Hammond, G. and Haney, M. and Hanke, M. M. and Hanks, J. and Hanna, C. and Hanson, J. and Hardwick, T. and Harms, J. and Harry, G. M. and Harry, I. W. and Hart, M. J. and Hartman, M. T. and Haster, C. J. and Haughian, K. and Heidmann, A. and Heintze, M. C. and Heitmann, H. and Hello, P. and Hemming, G. and Hendry, M. and Heng, I. S. and Hennig, J. and Henry, J. and Heptonstall, A. W. and Heurs, M. and Hild, S. and Hoak, D. and Hofman, D. and Holt, K. and Holz, D. E. and Hopkins, P. and Hough, J. and Houston, E. A. and Howell, E. J. and Hu, Y. M. and Huang, S. and Huerta, E. A. and Huet, D. and Hughey, B. and Husa, S. and Huttner, S. H. and Huynh-Dinh, T. and Indik, N. and Ingram, D. R. and Inta, R. and Isa, H. N. and Isac, J. M. and Isi, M. and Isogai, T. and Iyer, B. R. and Izumi, K. and Jacqmin, T. and Jang, H. and Jani, K. and Jaranowski, P. and Jawahar, S. and Jian, L. and Jim{\'{e}}nez-Forteza, F. and Johnson, W. W. and Jones, D. I. and Jones, R. and Jonker, R. J.G. and Ju, L. and Haris, K. and Kalaghatgi, C. V. and Kalogera, V. and Kandhasamy, S. and Kang, G. and Kanner, J. B. and Kapadia, S. J. and Karki, S. and Karvinen, K. S. and Kasprzack, M. and Katsavounidis, E. and Katzman, W. and Kaufer, S. and Kaur, T. and Kawabe, K. and K{\'{e}}f{\'{e}}lian, F. and Kehl, M. S. and Keitel, D. and Kelley, D. B. and Kells, W. and Kennedy, R. and Key, J. S. and Khalili, F. Y. and Khan, I. and Khan, S. and Khan, Z. and Khazanov, E. A. and Kijbunchoo, N. and Kim, Chi Woong and Kim, Chunglee and Kim, J. and Kim, K. and Kim, N. and Kim, W. and Kim, Y. M. and Kimbrell, S. J. and King, E. J. and King, P. J. and Kissel, J. S. and Klein, B. and Kleybolte, L. and Klimenko, S. and Koehlenbeck, S. M. and Koley, S. and Kondrashov, V. and Kontos, A. and Korobko, M. and Korth, W. Z. and Kowalska, I. and Kozak, D. B. and Kringel, V. and Krishnan, B. and Kr{\'{o}}lak, A. and Krueger, C. and Kuehn, G. and Kumar, P. and Kumar, R. and Kuo, L. and Kutynia, A. and Lackey, B. D. and Landry, M. and Lange, J. and Lantz, B. and Lasky, P. D. and Laxen, M. and Lazzaro, C. and Leaci, P. and Leavey, S. and Lebigot, E. O. and Lee, C. H. and Lee, H. K. and Lee, H. M. and Lee, K. and Lenon, A. and Leonardi, M. and Leong, J. R. and Leroy, N. and Letendre, N. and Levin, Y. and Lewis, J. B. and Li, T. G.F. and Libson, A. and Littenberg, T. B. and Lockerbie, N. A. and Lombardi, A. L. and London, L. T. and Lord, J. E. and Lorenzini, M. and Loriette, V. and Lormand, M. and Losurdo, G. and Lough, J. D. and L{\"{u}}ck, H. and Lundgren, A. P. and Lynch, R. and Ma, Y. and MacHenschalk, B. and MacInnis, M. and MacLeod, D. M. and Maga{\~{n}}a-Sandoval, F. and Maga{\~{n}}a Zertuche, L. and Magee, R. M. and Majorana, E. and Maksimovic, I. and Malvezzi, V. and Man, N. and Mandic, V. and Mangano, V. and Mansell, G. L. and Manske, M. and Mantovani, M. and Marchesoni, F. and Marion, F. and M{\'{a}}rka, S. and M{\'{a}}rka, Z. and Markosyan, A. S. and Maros, E. and Martelli, F. and Martellini, L. and Martin, I. W. and Martynov, D. V. and Marx, J. N. and Mason, K. and Masserot, A. and Massinger, T. J. and Masso-Reid, M. and Mastrogiovanni, S. and Matichard, F. and Matone, L. and Mavalvala, N. and Mazumder, N. and McCarthy, R. and McClelland, D. E. and McCormick, S. and McGuire, S. C. and McIntyre, G. and McIver, J. and McManus, D. J. and McRae, T. and McWilliams, S. T. and Meacher, D. and Meadors, G. D. and Meidam, J. and Melatos, A. and Mendell, G. and Mercer, R. A. and Merilh, E. L. and Merzougui, M. and Meshkov, S. and Messenger, C. and Messick, C. and Metzdorff, R. and Meyers, P. M. and Mezzani, F. and Miao, H. and Michel, C. and Middleton, H. and Mikhailov, E. E. and Milano, L. and Miller, A. L. and Miller, A. and Miller, B. B. and Miller, J. and Millhouse, M. and Minenkov, Y. and Ming, J. and Mirshekari, S. and Mishra, C. and Mitra, S. and Mitrofanov, V. P. and Mitselmakher, G. and Mittleman, R. and Moggi, A. and Mohan, M. and Mohapatra, S. R.P. and Montani, M. and Moore, B. C. and Moore, C. J. and Moraru, D. and Moreno, G. and Morriss, S. R. and Mossavi, K. and Mours, B. and Mow-Lowry, C. M. and Mueller, G. and Muir, A. W. and Mukherjee, Arunava and Mukherjee, D. and Mukherjee, S. and Mukund, N. and Mullavey, A. and Munch, J. and Murphy, D. J. and Murray, P. G. and Mytidis, A. and Nardecchia, I. and Naticchioni, L. and Nayak, R. K. and Nedkova, K. and Nelemans, G. and Nelson, T. J.N. and Neri, M. and Neunzert, A. and Newton, G. and Nguyen, T. T. and Nielsen, A. B. and Nissanke, S. and Nitz, A. and Nocera, F. and Nolting, D. and Normandin, M. E.N. and Nuttall, L. K. and Oberling, J. and Ochsner, E. and O'Dell, J. and Oelker, E. and Ogin, G. H. and Oh, J. J. and Oh, S. H. and Ohme, F. and Oliver, M. and Oppermann, P. and Oram, Richard J. and O'Reilly, B. and O'Shaughnessy, R. and Ottaway, D. J. and Overmier, H. and Owen, B. J. and Pai, A. and Pai, S. A. and Palamos, J. R. and Palashov, O. and Palomba, C. and Pal-Singh, A. and Pan, H. and Pankow, C. and Pannarale, F. and Pant, B. C. and Paoletti, F. and Paoli, A. and Papa, M. A. and Paris, H. R. and Parker, W. and Pascucci, D. and Pasqualetti, A. and Passaquieti, R. and Passuello, D. and Patricelli, B. and Patrick, Z. and Pearlstone, B. L. and Pedraza, M. and Pedurand, R. and Pekowsky, L. and Pele, A. and Penn, S. and Perreca, A. and Perri, L. M. and Phelps, M. and Piccinni, O. J. and Pichot, M. and Piergiovanni, F. and Pierro, V. and Pillant, G. and Pinard, L. and Pinto, I. M. and Pitkin, M. and Poe, M. and Poggiani, R. and Popolizio, P. and Post, A. and Powell, J. and Prasad, J. and Predoi, V. and Prestegard, T. and Price, L. R. and Prijatelj, M. and Principe, M. and Privitera, S. and Prix, R. and Prodi, G. A. and Prokhorov, L. and Puncken, O. and Punturo, M. and Puppo, P. and P{\"{u}}rrer, M. and Qi, H. and Qin, J. and Qiu, S. and Quetschke, V. and Quintero, E. A. and Quitzow-James, R. and Raab, F. J. and Rabeling, D. S. and Radkins, H. and Raffai, P. and Raja, S. and Rajan, C. and Rakhmanov, M. and Rapagnani, P. and Raymond, V. and Razzano, M. and Re, V. and Read, J. and Reed, C. M. and Regimbau, T. and Rei, L. and Reid, S. and Reitze, D. H. and Rew, H. and Reyes, S. D. and Ricci, F. and Riles, K. and Rizzo, M. and Robertson, N. A. and Robie, R. and Robinet, F. and Rocchi, A. and Rolland, L. and Rollins, J. G. and Roma, V. J. and Romano, R. and Romanov, G. and Romie, J. H. and Rosi{\'{n}}ska, D. and Rowan, S. and R{\"{u}}diger, A. and Ruggi, P. and Ryan, K. and Sachdev, S. and Sadecki, T. and Sadeghian, L. and Sakellariadou, M. and Salconi, L. and Saleem, M. and Salemi, F. and Samajdar, A. and Sammut, L. and Sanchez, E. J. and Sandberg, V. and Sandeen, B. and Sanders, J. R. and Sassolas, B. and Saulson, P. R. and Sauter, O. E.S. and Savage, R. L. and Sawadsky, A. and Schale, P. and Schilling, R. and Schmidt, J. and Schmidt, P. and Schnabel, R. and Schofield, R. M.S. and Sch{\"{o}}nbeck, A. and Schreiber, E. and Schuette, D. and Schutz, B. F. and Scott, J. and Scott, S. M. and Sellers, D. and Sengupta, A. S. and Sentenac, D. and Sequino, V. and Sergeev, A. and Setyawati, Y. and Shaddock, D. A. and Shaffer, T. and Shahriar, M. S. and Shaltev, M. and Shapiro, B. and Shawhan, P. and Sheperd, A. and Shoemaker, D. H. and Shoemaker, D. M. and Siellez, K. and Siemens, X. and Sieniawska, M. and Sigg, D. and Silva, A. D. and Singer, A. and Singer, L. P. and Singh, A. and Singh, R. and Singhal, A. and Sintes, A. M. and Slagmolen, B. J.J. and Smith, J. R. and Smith, N. D. and Smith, R. J.E. and Son, E. J. and Sorazu, B. and Sorrentino, F. and Souradeep, T. and Srivastava, A. K. and Staley, A. and Steinke, M. and Steinlechner, J. and Steinlechner, S. and Steinmeyer, D. and Stephens, B. C. and Stone, R. and Strain, K. A. and Straniero, N. and Stratta, G. and Strauss, N. A. and Strigin, S. and Sturani, R. and Stuver, A. L. and Summerscales, T. Z. and Sun, L. and Sunil, S. and Sutton, P. J. and Swinkels, B. L. and Szczepa{\'{n}}czyk, M. J. and Tacca, M. and Talukder, D. and Tanner, D. B. and T{\'{a}}pai, M. and Tarabrin, S. P. and Taracchini, A. and Taylor, R. and Theeg, T. and Thirugnanasambandam, M. P. and Thomas, E. G. and Thomas, M. and Thomas, P. and Thorne, K. A. and Thrane, E. and Tiwari, S. and Tiwari, V. and Tokmakov, K. V. and Toland, K. and Tomlinson, C. and Tonelli, M. and Tornasi, Z. and Torres, C. V. and Torrie, C. I. and T{\"{o}}yr{\"{a}}, D. and Travasso, F. and Traylor, G. and Trifir{\`{o}}, D. and Tringali, M. C. and Trozzo, L. and Tse, M. and Turconi, M. and Tuyenbayev, D. and Ugolini, D. and Unnikrishnan, C. S. and Urban, A. L. and Usman, S. A. and Vahlbruch, H. and Vajente, G. and Valdes, G. and Van Bakel, N. and Van Beuzekom, M. and Van Den Brand, J. F.J. and Van Den Broeck, C. and Vander-Hyde, D. C. and Van Der Schaaf, L. and Van Heijningen, J. V. and Van Veggel, A. A. and Vardaro, M. and Vass, S. and Vas{\'{u}}th, M. and Vaulin, R. and Vecchio, A. and Vedovato, G. and Veitch, J. and Veitch, P. J. and Venkateswara, K. and Verkindt, D. and Vetrano, F. and Vicer{\'{e}}, A. and Vinciguerra, S. and Vine, D. J. and Vinet, J. Y. and Vitale, S. and Vo, T. and Vocca, H. and Vorvick, C. and Voss, D. V. and Vousden, W. D. and Vyatchanin, S. P. and Wade, A. R. and Wade, L. E. and Wade, M. and Walker, M. and Wallace, L. and Walsh, S. and Wang, G. and Wang, H. and Wang, M. and Wang, X. and Wang, Y. and Ward, R. L. and Warner, J. and Was, M. and Weaver, B. and Wei, L. W. and Weinert, M. and Weinstein, A. J. and Weiss, R. and Wen, L. and We{\ss}els, P. and Westphal, T. and Wette, K. and Whelan, J. T. and Whiting, B. F. and Williams, R. D. and Williamson, A. R. and Willis, J. L. and Willke, B. and Wimmer, M. H. and Winkler, W. and Wipf, C. C. and Wittel, H. and Woan, G. and Woehler, J. and Worden, J. and Wright, J. L. and Wu, D. S. and Wu, G. and Yablon, J. and Yam, W. and Yamamoto, H. and Yancey, C. C. and Yu, H. and Yvert, M. and Zadro{\.{z}}ny, A. and Zangrando, L. and Zanolin, M. and Zendri, J. P. and Zevin, M. and Zhang, L. and Zhang, M. and Zhang, Y. and Zhao, C. and Zhou, M. and Zhou, Z. and Zhu, S. J. and Zhu, X. and Zucker, M. E. and Zuraw, S. E. and Zweizig, J.},
    number = {10},
    month = {11},
    pages = {102002},
    volume = {94},
    publisher = {American Physical Society},
    url = {https://link.aps.org/doi/10.1103/PhysRevD.94.102002},
    doi = {10.1103/PhysRevD.94.102002},
    issn = {24700029},
    arxivId = {1606.09619}
}

@article{VanderWalt2014,
    title = {{Scikit-image: Image processing in python}},
    year = {2014},
    journal = {PeerJ},
    author = {Van Der Walt, Stéfan and Sch{\"{o}}nberger, Johannes L. and Nunez-Iglesias, Juan and Boulogne, François and Warner, Joshua D. and Yager, Neil and Gouillart, Emmanuelle and Yu, Tony},
    number = {1},
    month = {6},
    pages = {e453},
    volume = {2014},
    publisher = {PeerJ Inc.},
    url = {https://peerj.com/articles/453},
    doi = {10.7717/peerj.453},
    issn = {21678359},
    keywords = {Education, Image processing, Open source, Python, Reproducible research, Scientific programming, Visualization}
}

@article{Prix2007,
    title = {{Search for continuous gravitational waves: Metric of the multidetector F-statistic}},
    year = {2007},
    journal = {Physical Review D - Particles, Fields, Gravitation and Cosmology},
    author = {Prix, Reinhard},
    number = {2},
    month = {1},
    pages = {023004},
    volume = {75},
    publisher = {American Physical Society},
    url = {http://arxiv.org/abs/gr-qc/0606088 http://dx.doi.org/10.1103/PhysRevD.75.023004 10.1103/PhysRevD.75.069901 https://link.aps.org/doi/10.1103/PhysRevD.75.023004},
    doi = {10.1103/PhysRevD.75.023004},
    issn = {15507998},
    arxivId = {gr-qc/0606088}
}

@article{Brady2000,
    title = {{Searching for periodic sources with LIGO. II. Hierarchical searches}},
    year = {2000},
    journal = {Physical Review D - Particles, Fields, Gravitation and Cosmology},
    author = {Creighton, Teviet},
    number = {8},
    month = {2},
    pages = {082001},
    volume = {61},
    publisher = {American Physical Society},
    url = {https://link.aps.org/doi/10.1103/PhysRevD.61.082001},
    doi = {10.1103/PhysRevD.61.082001},
    issn = {15502368}
}

@article{Acernese2008,
    title = {{Status of Virgo}},
    year = {2008},
    journal = {Classical and Quantum Gravity},
    author = {Acernese, F. and Alshourbagy, M. and Amico, P. and Antonucci, F. and Aoudia, S. and Astone, P. and Avino, S. and Baggio, L. and Ballardin, G. and Barone, F. and Barsotti, L. and Barsuglia, M. and Bauer, Th S. and Bigotta, S. and Birindelli, S. and Bizouard, M. A. and Boccara, C. and Bondu, F. and Bosi, L. and Braccini, S. and Bradaschia, C. and Brillet, A. and Brisson, V. and Buskulic, D. and Cagnoli, G. and Calloni, E. and Campagna, E. and Carbognani, F. and Cavalier, F. and Cavalieri, R. and Cella, G. and Cesarini, E. and Chassande-Mottin, E. and Clapson, A. C. and Cleva, F. and Coccia, E. and Corda, C. and Corsi, A. and Cottone, F. and Coulon, J. P. and Cuoco, E. and D'Antonio, S. and Dari, A. and Dattilo, V. and Davier, M. and De Rosa, R. and DelPrete, M. and Di Fiore, L. and Di Lieto, A. D. and Di Paolo Emilio, M. and Di Virgilio, A. and Evans, M. and Fafone, V. and Ferrante, I. and Fidecaro, F. and Fiori, I. and Flaminio, R. and Fournier, J. D. and Frasca, S. and Frasconi, F. and Gammaitoni, L. and Garufi, F. and Genin, E. and Gennai, A. and Giazotto, A. and Giordano, L. and Granata, V. and Greverie, C. and Grosjean, D. and Guidi, G. and Hamdani, S. and Hebri, S. and Heitmann, H. and Hello, P. and Huet, D. and Kreckelbergh, S. and La Penna, P. and Laval, M. and Leroy, N. and Letendre, N. and Lopez, B. and Lorenzini, M. and Loriette, V. and Losurdo, G. and MacKowski, J. M. and Majorana, E. and Man, C. N. and Mantovani, M. and Marchesoni, F. and Marion, F. and Marque, J. and Martelli, F. and Masserot, A. and Menzinger, F. and Milano, L. and Minenkov, Y. and Moins, C. and Moreau, J. and Morgado, N. and Mosca, S. and Mours, B. and Neri, I. and Nocera, F. and Pagliaroli, G. and Palomba, C. and Paoletti, F. and Pardi, S. and Pasqualetti, A. and Passaquieti, R. and Passuello, D. and Piergiovanni, F. and Pinard, L. and Poggiani, R. and Punturo, M. and Puppo, P. and Rapagnani, P. and Regimbau, T. and Remillieux, A. and Ricci, F. and Ricciardi, I. and Rocchi, A. and Rolland, L. and Romano, R. and Ruggi, P. and Russo, G. and Solimeno, S. and Spallicci, A. and Tarallo, M. and Terenzi, R. and Toncelli, A. and Tonelli, M. and Tournefier, E. and Travasso, F. and Tremola, C. and Vajente, G. and Van Den Brand, J. F.J. and Van Der Putten, S. and Verkindt, D. and Vetrano, F. and Vicer{\'{e}}, A. and Vinet, J. Y. and Vocca, H. and Yvert, M.},
    number = {11},
    month = {6},
    pages = {114045},
    volume = {25},
    publisher = {IOP Publishing},
    url = {http://stacks.iop.org/0264-9381/25/i=11/a=114045?key=crossref.62c81a5e3c6d5978d66477c5fb155f0c},
    doi = {10.1088/0264-9381/25/11/114045},
    issn = {02649381}
}

@misc{Simard1992,
    title = {{Tangent Prop: a formalism for specifying selected invariances in adaptive networks}},
    year = {1991},
    booktitle = {Nips},
    author = {Patrice, Simard and Bernard, Victorri and Yann, LeCun and John S, Denker},
    pages = {895--903},
    url = {https://papers.nips.cc/paper/536-tangent-prop-a-formalism-for-specifying-selected-invariances-in-an-adaptive-network}
}

@article{Astone2010AData,
    title = {{A method for detection of known sources of continuous gravitational wave signals in non-stationary data}},
    year = {2010},
    journal = {Classical and Quantum Gravity},
    author = {Astone, P. and D'Antonio, S. and Frasca, S. and Palomba, C.},
    number = {19},
    month = {10},
    volume = {27},
    doi = {10.1088/0264-9381/27/19/194016},
    issn = {02649381}
}

@article{Ushomirsky2002DeformationsEmission,
    title = {{Deformations of accreting neutron star crusts and gravitational wave emission}},
    year = {2002},
    journal = {Monthly Notices of the Royal Astronomical Society},
    author = {Ushomirsky, Greg and Cutler, Curt and Bildsten, Lars},
    number = {3},
    month = {4},
    pages = {902--932},
    volume = {319},
    publisher = {Oxford University Press (OUP)},
    doi = {10.1046/j.1365-8711.2000.03938.x},
    issn = {0035-8711}
}

@techreport{PrattDiscriminability-BasedNetworks,
    title = {{Discriminability-Based Transfer between Neural Networks}},
    author = {Pratt, L Y}
}

@article{Schutz2000GravitationalRadiation,
    title = {{Gravitational Radiation}},
    year = {2000},
    author = {Schutz, Bernard F},
    month = {3},
    url = {http://arxiv.org/abs/gr-qc/0003069 http://dx.doi.org/10.1888/0333750888/2110},
    doi = {10.1888/0333750888/2110},
    arxivId = {gr-qc/0003069}
}

@article{Glampedakis2017GravitationalSurvey,
    title = {{Gravitational waves from single neutron stars: an advanced detector era survey}},
    year = {2017},
    author = {Glampedakis, Kostas and Gualtieri, Leonardo},
    month = {9},
    url = {http://arxiv.org/abs/1709.07049 http://dx.doi.org/10.1007/978-3-319-97616-7_12},
    doi = {10.1007/978-3-319-97616-7{\_}12},
    arxivId = {1709.07049}
}

@article{Flanagan2005TheTheory,
    title = {{The basics of gravitational wave theory}},
    year = {2005},
    author = {Flanagan, Eanna E. and Hughes, Scott A.},
    month = {1},
    url = {http://arxiv.org/abs/gr-qc/0501041 http://dx.doi.org/10.1088/1367-2630/7/1/204},
    doi = {10.1088/1367-2630/7/1/204},
    arxivId = {gr-qc/0501041}
}